2095 3381
516 264 774 296 SPECULUM
808 264 1038 296 ECCLESIE
1072 263 1378 295 MILITANTIS.
1842 270 1895 310 93

284 380 345 418 dei
367 386 454 417 sunt
475 380 522 417 ad
543 379 919 428 contemplacionem
939 385 976 417 et
996 380 1217 417 oracionem
1238 392 1309 429 pro
1331 380 1424 416 vivis
1448 386 1483 417 et
1514 391 1616 417 mor·
1629 392 1730 416 prayer
1741 385 1798 410 and
1812 393 1875 410 con-

1630 423 1685 442 tem
1708 417 1803 448 lati0n‚
1817 423 1892 443 must

284 452 358 489 tuis
379 451 558 500 deputati,
577 451 625 488 ad
645 450 980 488 mendicacionem
1002 450 1059 487 vel
1081 450 1195 487 aliam
1214 451 1331 487 vitam
1352 450 1616 499 imperfectam
1630 427 1737 477 takepto
1751 452 1883 485 bessing-

283 528 372 558 sunt
392 522 619 559 necessitati.
671 521 746 559 Sed
768 522 853 570 quis
876 521 1022 558 dubitat
1043 522 1137 570 quin
1158 522 1230 559 ista
1251 522 1448 558 sentencia
1468 528 1618 558 tantum

284 599 418 629 contra
453 593 648 630 racionem
683 598 719 628 et
752 592 939 629 honorem
971 592 1118 629 domini
1158 592 1436 641 rempublicam
1471 599 1617 641 pertur-

249 664 401 708 5baret,
440 664 531 712 quia
572 675 777 700 numerum
826 675 1032 712 suppreme
1072 663 1190 711 partis
1234 663 1395 700 ecclesie
1439 663 1848 724 ᾶίῑηίηυίῖῖξὲῗὲτὲῑὲῐῗξὲ
1890 699 1903 729 ³4

280 741 317 772 et
346 734 529 771 miliciam
559 746 633 782 que
664 734 749 782 plus
778 733 989 770 insolencie
1020 734 1192 779 attendit,
1223 741 1360 771 contra
1388 734 1514 783 legem
1545 734 1615 770 do-
1628 732 1683 790 {23³
1698 732 1860 790 {lhamfthe

1648 799 1653 802 -
1677 775 1695 797 g
1719 766 1804 791 thood
1814 766 1901 797 (more

280 805 375 841 mini
414 804 602 841 accendit.
662 803 739 841 Sed
769 805 853 853 quis
884 804 1031 840 dubitat
1060 805 1154 853 quin
1186 805 1258 841 ista
1293 805 1488 841 sentencia
1519 799 1862 864 Γοῑεῖῗέζζζ)ξζέξξξεθ

281 876 472 912 contraria
501 875 672 912 racioni?
730 875 809 912 Hic
841 875 988 911 dictum
1018 882 1075 912 est
1106 876 1246 924 sepius,
1278 876 1385 924 quod
1416 875 1489 912 deo
1519 882 1614 912 teste

280 947 353 984 nisi
372 947 571 984 evidencia
593 946 790 995 scripture,
805 953 995 994 quantum
1012 947 1267 995 concipimus,
1284 953 1455 984 moveret
1476 947 1616 983 directe

228 1026 267 1047 10
280 1031 349 1067 pro
371 1018 433 1054 illa
463 1018 671 1062 sentencia,
694 1029 893 1065 nunquam
924 1018 1185 1055 laboraremus
1211 1019 1442 1056 incurrendo
1465 1024 1612 1055 tantam

280 1089 595 1137 indignacionem
632 1101 653 1124 a
692 1088 820 1125 multis
858 1095 894 1125 et
933 1089 1142 1126 maioribus
1183 1095 1262 1126 tam
1297 1089 1453 1126 intente.
1512 1088 1612 1125 Nam
1628 1091 1905 1157 ᾒὲῐεέἒῗξὲἔζζξὲίὶί

279 1165 470 1208 quantum
510 1159 753 1207 concipimus
793 1160 832 1195 in
871 1166 951 1197 toto
987 1172 1150 1209 corpore
1190 1161 1373 1209 scripture
1413 1160 1475 1197 illa
1513 1159 1893 1217 sectaffidsssslffiffssssfffr

280 1230 530 1279 quadruplex,
553 1242 626 1279 que
651 1236 799 1267 tantum
821 1231 1039 1268 dominatur
1066 1232 1106 1268 in
1136 1232 1297 1268 seculari
1328 1231 1513 1277 dominio,
1534 1244 1613 1268 non
1628 1225 1716 1290 ξξὲξῗ
1725 1225 1899 1289 ffifessfgiffiffie

1627 1292 1675 1317 did
1692 1293 1702 1317 I
1718 1299 1766 1318 not
1780 1293 1888 1318 believe

1627 1335 1674 1358 my
1685 1326 1811 1352 doctrine
1825 1332 1853 1352 to
1864 1327 1898 1352 be

1625 1360 1772 1391 profitable
1787 1366 1815 1386 to
1829 1361 1876 1385 the

1626 1394 1730 1419 church
1744 1395 1799 1420 and
1813 1403 1882 1420 even

1625 1433 1653 1453 to
1667 1428 1714 1453 the
1727 1428 1883 1460 reprobate.

279 1301 459 1338 fundatur
480 1314 551 1338 nec
572 1302 648 1338 vita
670 1314 741 1338 nec
763 1301 897 1350 regula
918 1314 1035 1351 quam
1056 1308 1206 1339 tanturn
1235 1302 1507 1351 magnificant;
1539 1315 1613 1351 que

225 1387 264 1418 15
280 1373 310 1409 si
350 1373 465 1410 docta
502 1372 624 1418 fuerit,
657 1373 714 1409 vel
754 1380 885 1410 nostra
921 1373 1117 1410 sentencia
1155 1374 1301 1410 racioni
1336 1374 1526 1410 contraria
1556 1374 1613 1410 vel

59 1450 200 1482 B¹.162
214 1453 249 1482 b.
280 1445 477 1493 scripture,
509 1445 631 1492 parati
662 1456 794 1481 sumus
827 1445 1041 1481 secundum
1072 1445 1180 1493 quod
1209 1445 1327 1494 exigit
1356 1446 1458 1482 racio
1488 1446 1612 1494 ipsam

279 1515 472 1552 humiliter
492 1527 684 1553 revocare.
743 1515 956 1552 Dementes
978 1516 1133 1565 quidem
1153 1528 1328 1553 essemus
1356 1523 1392 1553 et
1414 1517 1527 1566 plene
1549 1517 1614 1554 de-

278 1587 447 1624 moniaci
463 1587 494 1623 si
510 1583 638 1638 [dum]
658 1593 807 1623 tanturn
823 1586 968 1635 fatigati
982 1588 1021 1623 in
1038 1600 1152 1624 carne
1167 1587 1385 1624 laboremus
1401 1588 1440 1624 in
1454 1587 1515 1624 illa
1529 1600 1615 1624 sen-

278 1658 414 1701 tencia,
437 1670 517 1695 non
538 1658 783 1694 crederemus
805 1659 929 1706 ipsam
952 1671 1035 1695 esse
1057 1658 1288 1696 catholicam
1315 1672 1359 1696 ac
1381 1660 1616 1696 meritoriam

223 1741 265 1764 20
279 1730 348 1766 toti
376 1729 551 1766 militanti
572 1729 733 1766 ecclesie
764 1742 808 1766 ac
839 1729 1126 1766 vitulaminibus
1157 1730 1195 1767 in
1227 1730 1311 1779 ipsa
1342 1732 1612 1777 crescentibus,

279 1813 354 1849 que
376 1801 630 1849 ewangelium
651 1807 763 1838 vocat
788 1801 956 1849 zyzania,
979 1801 1177 1850 prodesse.
1238 1802 1337 1851 Sepe
1368 1809 1497 1839 autem
1520 1803 1614 1839 dixi-

277 1884 376 1917 mus,
401 1872 508 1921 quod
533 1884 613 1909 non
634 1872 828 1909 sufficiunt
849 1884 985 1909 omnes
1006 1872 1118 1909 istam
1146 1873 1383 1909 sentenciam
1407 1874 1613 1922 concipere
1628 1884 1717 1910 nean
1732 1885 1799 1917 only
1809 1884 1846 1922 pe

277 1943 335 1980 vel
357 1955 515 1993 arguere
537 1950 671 1980 contra
687 1943 800 1988 illam,
823 1955 911 1980 cum
933 1949 1081 1979 tantum
1102 1943 1151 1980 ad
1172 1943 1248 1980 hoc
1270 1944 1316 1980 sit
1337 1945 1439 1982 racio
1459 1945 1612 1993 ydonea
1624 1919 1730 1990 {32}ssssss
1744 1920 1895 1985 ἶὲἶῗᾷεοη

276 2015 335 2051 vel
370 2015 568 2064 scriptura.
627 2014 723 2051 ldeo
756 2020 830 2051 tres
865 2015 1056 2052 maneries
1095 2014 1296 2052 hominum
1336 2022 1524 2064 quantum
1563 2016 1612 2052 ad
1626 1992 1813 2019 orsmpmre'

224 2098 262 2130 25
277 2092 398 2123 artem
435 2098 544 2123 suam
584 2085 717 2123 attinet
756 2092 844 2122 sunt
882 2086 1023 2134 ydonei
1063 2087 1101 2122 in
1141 2087 1301 2124 materia
1336 2088 1407 2124 ista
1440 2100 1612 2136 arguere,

276 2157 401 2206 primo
436 2157 635 2195 decretiste
661 2157 727 2206 qui
759 2169 851 2206 pure
876 2157 1024 2206 legibus
1046 2158 1251 2206 papalibus
1275 2159 1500 2204 innituntur,
1524 2159 1614 2207 quia
1626 2166 1690 2192 And
1704 2166 1828 2204 bythese
1843 2166 1891 2192 the

276 2229 371 2279 quid
390 2229 429 2265 in
450 2229 609 2265 materia
636 2229 709 2266 ista
735 2228 914 2265 dixerunt
937 2240 1017 2265 non
1038 2228 1137 2265 valet
1160 2228 1227 2265 sed
1251 2235 1306 2267 est
1331 2237 1613 2278 contempnen-
1626 2200 1815 2265 ἒὲξὲἳῃῗῑνῖἷ
1830 2235 1885 2260 and

56 2311 102 2340 D.
120 2311 170 2340 80
183 2318 215 2340 a.
277 2301 381 2347 dum,
405 2300 425 2323 '¹‘
448 2306 598 2337 constat
628 2300 731 2336 enim
762 2299 809 2336 de
839 2306 985 2347 quanto
1013 2300 1159 2337 racioni
1187 2307 1378 2337 consonat
1408 2301 1465 2337 vel
1496 2302 1613 2350 scrip-
1626 2268 1896 2328 ξ’ῗῑᾘῗῖξέἒέἒέἕῗς

276 2378 370 2409 ture.
414 2370 593 2408 Secunda
609 2370 797 2407 maneries
818 2370 1020 2407 hominum
1038 2370 1288 2420 loquencium
1310 2372 1349 2408 in
1366 2372 1436 2408 ista
1457 2373 1617 2409 materia

223 2459 264 2489 30
278 2450 365 2481 sunt
394 2443 540 2492 legiste,
563 2443 654 2492 quia
681 2442 742 2479 lex
772 2442 975 2491 imperialis
1006 2454 1028 2478 a
1057 2442 1235 2479 fidelibus
1265 2455 1345 2480 non
1371 2443 1555 2491 accipitur
1576 2444 1615 2479 in

57 2523 95 2553 C.
115 2523 163 2553 28
178 2531 208 2553 a.
275 2516 347 2553 ista
373 2515 530 2552 materia
557 2514 628 2551 nisi
656 2513 703 2550 de
727 2512 744 2531 ⁷¹<
768 2519 915 2562 quanto
945 2520 1136 2550 consonat
1158 2513 1315 2550 racioni.
1374 2513 1514 2550 Tereia
1534 2526 1616 2550 ma-

276 2587 397 2623 neries
419 2586 621 2623 hominum
642 2584 885 2622 subtiliorum
908 2583 1157 2632 loquencium
1183 2584 1221 2620 in
1249 2585 1320 2621 ista
1346 2584 1505 2621 materia
1527 2591 1616 2621 sunt

276 2658 404 2694 iuriste
434 2668 655 2705 regnorum,
685 2656 752 2705 qui
782 2655 868 2692 licet
899 2655 1028 2703 sepius
1065 2655 1305 2704 prepolleant
1342 2656 1498 2692 racione
1534 2668 1615 2692 non

276 2728 374 2765 valet
403 2733 531 2764 tamen
560 2727 733 2776 ipsorum
763 2726 916 2775 loquela
936 2726 973 2761 in
1002 2725 1073 2762 ista
1101 2726 1271 2771 materia,
1294 2726 1366 2763 nisi
1394 2726 1441 2763 de
1466 2733 1615 2775 quanto

321 2841 351 2871 5.
376 2831 541 2871 diminuit,
559 2839 605 2870 D;
628 2831 826 2869 diminuunt,
844 2838 883 2868 c;
908 2830 1099 2868 diminuerit,
1119 2829 1163 2860 13¹.
1348 2836 1376 2869 7.
1401 2830 1561 2867 accendit,
1580 2838 1614 2861 D.

277 2885 464 2925 adaugeret,
482 2885 526 2915 13¹.
598 2893 645 2914 12.
670 2883 880 2924 percipim11S‚
896 2890 926 2913 C.
999 2883 1047 2914 IS.
1074 2882 1145 2914 ista.
1164 2889 1195 2922 C,
1209 2890 1244 2912 D.
1317 2891 1367 2922 25.
1394 2883 1472 2922 [non
1490 2887 1564 2912 sunt
1576 2882 1613 2921 '?].
