2095 3381
485 239 748 272 SPECULUM
781 238 1010 271 ECCLESIE
1045 238 1349 271 MILITANTIS.
1818 244 1873 286 33

685 469 1016 509 CAPITULUM
1053 479 1147 520 17111.

301 576 563 615 MENDAcmM.
595 574 614 596 ’¹‘
645 576 807 614 Videtur
827 577 955 614 adhuc
987 577 1092 627 quod
1122 576 1282 613 minaris
1303 576 1418 613 tacite
1439 577 1591 614 ruinam
1604 588 1705 615 Mend.
1720 587 1845 621 objects:

24 656 68 686 B.
83 656 107 685 8
120 656 156 685 d.
244 649 346 694 cleri,
369 655 405 686 et
426 661 494 698 per
506 660 754 698 consequens
767 661 875 686 more
889 648 1148 698 peccancium
1164 646 1181 667 '¹‘
1196 648 1397 697 redarguis
1411 649 1591 697 teipsum,

243 727 281 757 et
302 720 443 765 niteris,
465 720 534 757 sed
556 719 758 769 superflue,
782 732 897 768 agere
918 726 1055 757 contra
1078 719 1276 757 Christum
1301 719 1366 768 qui
1394 726 1451 756 est
1482 720 1590 757 clesi-

210 803 313 835 5cus
341 791 581 828 clericorum.
641 790 742 828 Cum
765 791 870 827 enim
898 797 938 828 ut
958 790 1054 827 fides
1083 791 1233 839 capitur
1259 790 1365 839 quod
1391 790 1514 827 clerus
1545 790 1592 828 sit

243 875 425 912 suprema
445 875 535 912 pars
553 870 592 900 et
607 863 887 912 perfectissima
901 862 1064 900 ecclesie
1086 862 1294 907 militantis,
1316 869 1353 900 et
1378 862 1502 900 clerus
1522 874 1591 912 per
1604 873 1840 900 Disendowment

242 933 490 971 dotacionem
506 933 728 983 hujusmodi
749 940 1032 982 augmentatur,
1049 933 1300 971 manifestum
1321 933 1465 971 videtur
1485 933 1590 983 quod
1603 908 1865 968 livffilssieieglesshsshe

243 1006 440 1042 subtracta
460 1006 531 1042 ista
547 1005 752 1043 dotacione
775 1017 935 1043 necesse
955 1012 1014 1043 est
1030 1006 1189 1051 clerum,
1207 1012 1244 1042 et
1260 1017 1328 1055 per
1344 1017 1590 1054 consequens
1604 976 1710 1008 Clergy'

243 1076 562 1125 perfectissimam
594 1083 746 1127 partem
775 1077 952 1122 ecclesie,
987 1077 1183 1115 minorari.
1244 1076 1343 1123 Quis
1375 1090 1468 1126 ergo
1503 1090 1590 1126 pre-

190 1162 230 1184 10
244 1154 412 1186 sumeret
442 1149 495 1186 sic
527 1161 641 1198 agere
682 1156 819 1187 contra
851 1148 993 1186 celeste
1029 1148 1257 1198 conjugium
1297 1149 1403 1197 quod
1442 1156 1591 1187 tenetur

242 1232 290 1256 ex
312 1226 449 1268 quarto
470 1220 657 1258 mandato
678 1220 855 1270 decalogi
876 1221 1078 1258 venerari?

298 1291 488 1329 VERITAS.
512 1292 533 1315 *
558 1291 666 1329 Licet
686 1291 862 1329 diabolus
882 1298 920 1329 et
940 1293 1116 1329 membra
1137 1292 1219 1341 ejus
1241 1291 1590 1342 multiplicaverunt
1606 1304 1671 1330 Ver.
1688 1310 1830 1330 answers:

242 1362 448 1400 mendacia
469 1369 604 1401 contra
621 1362 884 1410 Christicolas,
902 1363 965 1401 ille
980 1369 1113 1400 tamen
1134 1363 1231 1401 foret
1247 1364 1374 1401 nimis'
1383 1364 1590 1413 neophitus

241 1435 307 1483 qui
324 1441 481 1484 propter
498 1434 586 1472 talia
601 1434 808 1472 mendacia
823 1434 1030 1472 dimitteret
1047 1434 1257 1472 defendere
1271 1435 1480 1480 veritatem,
1499 1448 1590 1473 cum

22 1514 160 1547 B1.154
173 1524 203 1546 a.
242 1512 384 1555 petrus,
403 1506 598 1556 J’ohannes
622 1513 659 1544 et
683 1506 745 1544 alii
767 1505 785 1527 '¹‘
807 1506 846 1543 in
873 1507 999 1544 verbis
1027 1507 1287 1555 asperioribus
1316 1513 1588 1556 persteterunt.

244 1577 397 1615 Scimus
437 1579 595 1628 quidem
635 1578 740 1627 quod
779 1591 860 1616 non
902 1578 955 1615 sic
990 1577 1183 1627 loquimur
1217 1584 1377 1627 propter
1413 1590 1590 1616 amorem

241 1656 306 1687 aut
332 1656 511 1698 questum
537 1650 819 1699 temporalium,
853 1649 921 1687 sed
949 1656 1110 1698 propter
1140 1649 1268 1686 zelum
1296 1662 1374 1699 quo
1401 1649 1590 1687 afficimur

241 1722 463 1771 evangelice
484 1722 643 1760 veritati.
702 1721 820 1769 Quod
848 1721 878 1759 si
898 1721 1136 1770 quandoque
1157 1721 1422 1770 temptacione
1444 1720 1587 1759 diaboli

242 1793 404 1842 surrepit
426 1794 605 1843 superbia
621 1793 889 1831 condolemus.
930 1792 1174 1830 Intendimus
1194 1805 1288 1842 ergo
1308 1793 1588 1842 purgacionem

187 1878 227 1899 20
241 1870 277 1901 et
298 1865 584 1914 perfeccionem
605 1865 705 1911 cleri,
728 1876 846 1914 quam
876 1864 1019 1902 scimus
1040 1876 1121 1902 non
1152 1870 1250 1901 stare
1279 1864 1319 1901 in
1345 1864 1589 1902 multitudine
1602 1879 1875 1940 ῐτὲἓῗίιξῑὲθέἓὲέςξὲἔ-

240 1948 508 1985 personarum,
531 1936 598 1973 sed
618 1936 657 1973 in
671 1935 924 1974 observancia
939 1942 1057 1973 status
1071 1947 1189 1984 quem
1211 1935 1387 1973 Christus
1408 1936 1587 1982 institu1t;
1603 1947 1639 1973 lie
1653 1947 1682 1973 in
1696 1948 1829 1973 numbers

18 2011 87 2041 106
101 2010 137 2042 b.
241 2012 278 2044 et
299 2007 398 2045 sicut
427 2013 511 2045 toto
541 2019 707 2057 corpore
736 2006 905 2044 hominis
934 2019 1045 2044 verso
1074 2007 1114 2043 in
1144 2006 1279 2044 oculos
1307 2006 1405 2044 foret
1427 2007 1447 2030 ³¹<
1470 2007 1588 2044 indis-

239 2081 409 2130 posicius
444 2094 564 2130 quam
599 2088 658 2119 est
692 2082 823 2127 modo,
858 2082 912 2119 sic
945 2082 1050 2119 clero
1086 2081 1191 2119 facto
1224 2082 1422 2131 irregulari
1457 2083 1590 2131 quoad

240 2158 382 2189 statum
412 2152 572 2200 domini,
605 2153 819 2203 quamlibet
848 2159 1111 2202 augmentato,
1143 2160 1180 2190 et
1209 2153 1248 2190 in
1275 2165 1314 2190 se
1339 2153 1590 2203 imperficitur

185 2238 223 2270 25
240 2229 276 2260 et
298 2230 413 2261 nocet
433 2225 545 2262 matri
575 2225 738 2262 ecclesie
768 2225 956 2263 militanti.
1013 2223 1064 2261 Et
1093 2230 1198 2273 patet
1219 2224 1324 2273 quod
1345 2232 1588 2274 assumptum

239 2301 296 2332 est
317 2308 339 2332 a
358 2302 465 2345 patre
496 2296 690 2333 mendacii
720 2296 1010 2333 mendicatum:
1042 2295 1131 2333 volo
1161 2296 1265 2332 enirn
1295 2302 1420 2334 totum
1441 2296 1587 2333 clerum

240 2366 337 2403 sicut
368 2372 406 2403 et
436 2379 499 2404 me
531 2367 658 2416 ipsum
692 2374 792 2405 stare
831 2368 871 2404 in
910 2373 1011 2404 statu
1043 2379 1159 2416 quem
1200 2366 1376 2404 Christus
1415 2367 1585 2414 instituit,
1602 2381 1842 2441 1hkncfflqfsaith

1600 2420 1610 2440 t
1633 2421 1662 2441 at
1724 2421 1773 2441 rlst
1786 2425 1829 2442 ΟΥ-

241 2438 331 2487 quia
361 2439 442 2477 scio
476 2451 523 2476 ex
557 2439 633 2476 fide
661 2440 769 2488 quod
796 2438 970 2476 Christus
1003 2451 1050 2476 ex
1083 2438 1307 2477 deleceione
1340 2439 1432 2476 cleri
1463 2439 1587 2477 taliter
1600 2449 1870 2509 {lgffiefnlssissdcgvev‘egg'

1862 2504 1868 2516 ‚

242 2509 445 2547 ordinavit.
487 2510 577 2548 Scio
597 2511 755 2560 insuper
768 2523 816 2548 ex
833 2511 972 2548 eadem
988 2511 1063 2547 fide
1081 2511 1186 2560 quod
1201 2510 1376 2548 Christus
1398 2511 1586 2549 ordinavit
1599 2517 1869 2577 faqddvgirffigffigecu-

184 2596 225 2627 30
241 2580 387 2618 clerum
418 2594 529 2618 suum
557 2588 757 2631 expertem
783 2582 942 2620 dominii
969 2582 1161 2619 secularis.
1221 2582 1273 2619 Et
1302 2583 1382 2620 scio
1405 2581 1445 2630 3⁰
1466 2584 1582 2632 quod,

17 2660 140 2692 Rea.
242 2650 260 2671 '¹‘
295 2652 382 2690 licet
421 2653 546 2691 clerus
586 2660 718 2702 posset
757 2653 796 2690 in
832 2654 1109 2703 temporalibus
1148 2654 1227 2704 pati
1261 2655 1476 2704 penuriam,
1508 2655 1584 2693 hoc

285 2769 335 2791 22.
362 2760 495 2801 sic,pr0
511 2760 605 2799 sieut,
625 2768 654 2798 B,
675 2768 706 2792 c.
823 2770 873 2801 23.
898 2765 958 2801 est,
975 2772 1037 2793 om.
1056 2769 1085 2800 B,
1106 2769 1137 2793 C.
1217 2761 1322 2793 clerus
1338 2761 1442 2792 factus
1460 2761 1584 2801 irregu-

237 2812 325 2851 laris,
341 2820 372 2850 Β,
385 2819 416 2844 C.
493 2821 544 2853 24.
570 2816 809 2853 augmentatus,
831 2820 861 2851 B,
877 2821 908 2845 C.
956 2817 1172 2854 augmentato
1185 2824 1270 2845 corr.
1289 2824 1329 2845 ex
1341 2818 1583 2854 augmentatus,

238 2872 269 2896 B.
363 2873 413 2904 25.
440 2863 623 2904 militantis,
644 2872 675 2904 Β,
693 2872 725 2897 c.

902 2939 926 2963 D
