2095 3381
247 192 297 229 14

243 600 298 626 His
313 600 451 632 temporal

240 634 415 668 possessions
429 633 494 659 thus

241 669 324 695 make
337 668 385 693 the
401 668 478 700 Pope

240 712 258 728 a
271 702 385 728 heretic.

243 887 298 913 For
310 887 346 913 he
359 887 465 919 clearly

241 921 375 954 disobeys
389 922 416 948 S.

242 956 336 983 Peter.

762 187 1021 219 SPECULUM
1054 186 1285 219 ECCLESIE
1319 187 1624 219 MILITANTIS.

522 313 601 343 tem
622 305 852 354 generaliter
874 304 1141 342 sacerdotibus
1162 316 1233 353 pro
1255 304 1389 353 regula
1409 305 1522 341 istam
1544 304 1683 341 fidem:
1715 303 1864 350 Niclzil,

522 377 646 427 inquit
679 378 876 413 intulimus
909 378 947 413 in
978 376 1078 412 hunc
1107 376 1295 421 mundum,
1326 376 1422 412 haut
1448 376 1599 412 dubium
1629 389 1692 412 nec
1721 376 1871 424 aliquid

524 450 607 486 inde
637 449 790 499 auferre
816 454 1025 496 possumus.
1083 446 1272 483 Habentes
1307 448 1426 496 igitur
1457 448 1632 484 alimenta
1669 451 1703 484 et
1733 447 1866 496 quibus

523 525 697 570 tegamur
735 519 811 556 lziis
851 519 1010 555 contenti
1043 519 1171 554 simus.
1241 517 1292 554 Et
1333 517 1394 555 hic
1433 518 1580 555 videtur
1619 518 1794 556 fidelibus
1835 519 1865 556 si

524 592 711 629 auderent
744 591 987 640 depromere,
1023 589 1130 638 quod
1162 601 1268 638 papa
1300 596 1337 626 et
1372 596 1453 626 tota
1487 596 1592 626 secta
1626 601 1695 627 sua
1735 589 1898 632 dotata5

524 662 726 712 temporali
748 661 922 699 dominio
945 661 991 698 sit
1015 660 1207 698 hereticus
1228 660 1440 706 induratus,
1463 661 1554 709 quia
1584 661 1771 710 scripture
1793 673 1868 710 que

525 747 606 773 non
623 741 750 784 potest
766 734 860 771 solvi
877 733 1122 783 pertinaciter
1138 732 1353 770 contrarius
1366 745 1375 779 ;
1409 732 1477 770 sed
1494 733 1579 783 quis
1601 740 1658 770 est
1678 733 1869 771 hereticus

524 807 597 844 nisi
621 806 732 844 talis?
790 804 908 842 Unde
939 810 1068 854 petrus
1098 810 1145 853 pa
1174 804 1270 853 petri
1303 811 1346 852 50
1366 804 1551 853 precipit:
1575 805 1720 853 pascite
1739 805 1870 853 quiin
1913 810 2094 854 1Pet.v.2}

524 878 625 916 vobis
644 882 697 915 est
710 890 859 927 gregem
881 877 947 922 dei,
960 877 1196 925 providentes
1225 889 1296 913 non
1317 880 1433 913 coacte
1451 877 1517 913 sed
1531 880 1723 925 spontanee
1742 889 1868 913 secun-

524 951 609 987 dum
630 951 744 996 deum,
767 962 876 997 neque
896 949 1019 997 turpis
1039 948 1143 985 lucri
1152 949 1291 997 gracia
1318 949 1383 985 sed
1401 949 1620 985 voluntarie.
1679 947 1809 997 Neque
1829 952 1872 985 ut
1885 961 1925 984 10

523 1023 750 1059 dominantes
791 1023 830 1058 in
869 1021 973 1065 clero,
1003 1020 1069 1057 sed
1085 1020 1227 1069 forma
1250 1021 1365 1070 facti
1392 1022 1524 1070 gregis
1562 1033 1613 1057 ex
1655 1022 1791 1068 animo,
1830 1024 1874 1058 ut

523 1107 604 1131 cum
634 1093 856 1142 apparuerit
878 1093 1049 1141 princeps
1071 1096 1266 1141 pastorum
1291 1093 1509 1140 percipiatis
1535 1092 1870 1129 immarcessibilem

241 1175 281 1201 As
295 1183 382 1208 popes
395 1173 508 1206 stultify
519 1166 642 1216 glorie
662 1177 844 1202 coronam.
905 1163 982 1201 Sed
1004 1163 1101 1200 sicut
1121 1163 1198 1199 vita
1218 1175 1319 1212 pape
1347 1169 1384 1200 et
1405 1162 1494 1200 cleri
1517 1163 1574 1200 sui
1596 1164 1731 1202 cesarii
1753 1175 1871 1212 sopo-

241 1210 290 1234 the
300 1209 378 1234 truth
389 1209 427 1240 by
439 1208 512 1234 their

242 1243 312 1269 lives
325 1252 356 1268 so
369 1243 454 1274 papal

241 1277 380 1303 decretals
393 1276 505 1308 stultify

241 1311 290 1337 the
303 1310 440 1337 doctrine.

243 1533 300 1558 But
314 1531 370 1558 this
383 1541 464 1557 verse

240 1567 313 1592 from
327 1566 354 1593 S.
370 1566 454 1592 Peter
467 1565 490 1592 is

241 1601 333 1626 worth
347 1609 423 1626 more
437 1600 506 1626 than

241 1635 279 1660 all
294 1635 342 1661 the
354 1634 437 1661 bulis.

524 1237 620 1275 ravit
640 1237 753 1274 istam
774 1236 871 1286 petri
893 1235 1145 1280 sentenciam,
1168 1235 1221 1271 sic
1244 1234 1454 1272 decretales
1475 1235 1636 1284 epistole
1662 1247 1871 1285 soporave-

525 1315 613 1346 rant
651 1308 765 1345 istam
813 1307 943 1344 fidem.
1022 1306 1118 1343 Ideo
1165 1306 1314 1343 videtur
1362 1306 1520 1344 evidens
1543 1305 1561 1326 '¹‘
1585 1307 1691 1356 quod
1735 1307 1924 1357 prelati15
1943 1310 2063 1341 C.4b.

526 1380 752 1428 ignorantes
774 1379 889 1416 istam
911 1377 1028 1415 fidem
1050 1384 1130 1415 tam
1151 1390 1269 1426 opere
1290 1389 1409 1426 quam
1427 1390 1604 1415 sermone
1627 1385 1715 1415 sunt
1735 1378 1872 1428 perfidi

526 1451 750 1489 antichristi.
774 1449 792 1469 *
815 1450 866 1487 Et
898 1462 989 1487 cum
1024 1462 1073 1487 ex
1108 1449 1183 1486 fide
1220 1449 1337 1486 claret
1368 1449 1544 1486 fidelibus
1579 1450 1685 1499 quod
1725 1450 1765 1486 in
1796 1450 1871 1488 isto
1929 1453 2050 1485 B.4a.

525 1523 642 1561 unico
670 1524 789 1561 verbo
822 1522 921 1572 petri
951 1522 998 1559 sit
1028 1521 1218 1559 salubrior
1245 1521 1442 1558 sentencia
1472 1533 1592 1571 quarn
1619 1522 1658 1558 in
1688 1522 1871 1559 omnibus

525 1594 696 1644 epistolis
727 1593 982 1632 decretalibus
1012 1593 1071 1630 vel
1100 1593 1211 1630 bullis
1240 1592 1456 1642 papalibus,
1487 1599 1592 1642 patet
1623 1593 1729 1643 quod
1760 1593 1872 1631 stulte

527 1666 658 1704 clerici
679 1665 862 1703 deserunt
893 1665 1041 1702 discere
1063 1664 1164 1701 hanc
1192 1664 1310 1701 fidem
1338 1664 1533 1702 salubrem
1560 1672 1597 1703 et
1627 1664 1782 1703 student
1802 1665 1872 1703 ista
1889 1676 1928 1697 ²0

527 1737 700 1788 apocrifa
720 1749 795 1787 que
817 1736 1018 1774 seducunt.

575 1869 603 1891 1.
628 1870 689 1901 pro
712 1860 756 1890 al.
779 1869 870 1890 man.
896 1866 927 1889 B.
991 1858 1088 1889 istam
1113 1868 1175 1898 pro
1199 1868 1280 1898 reg,
1302 1857 1371 1888 ord.
1396 1858 1466 1888 inv.
1484 1866 1515 1889 C.
1596 1858 1690 1890 rubr.
1708 1858 1746 1889 in
1767 1868 1873 1899 marg.

527 1912 825 1950 Mendicacionem,
840 1919 870 1943 C.
965 1920 993 1942 2.
1019 1910 1135 1951 inquit,
1152 1911 1196 1941 al.
1211 1920 1299 1941 man.
1316 1918 1346 1941 B.
1380 1921 1440 1942 om.
1461 1910 1502 1941 13¹.
1565 1911 1722 1952 quiequid
1738 1921 1821 1941 corr.
1834 1920 1875 1941 ex

526 1965 666 2006 aliquid,
684 1965 728 1996 13¹.
837 1974 866 2004 3.
885 1968 952 2004 pro
967 1963 1079 2005 igitur,
1097 1963 1169 2001 sibi,
1187 1963 1245 1994 sed
1255 1964 1300 1995 al.
1319 1974 1409 1993 man.
1428 1964 1544 2005 inquit,
1564 1971 1594 1995 Β.
1643 1964 1760 2004 inquit,
1779 1962 1822 2002 13¹,
1841 1970 1872 1994 C.

527 2029 558 2054 4.
584 2022 822 2051 contentemur,
835 2021 901 2057 pro
918 2015 1066 2047 contenti
1083 2015 1196 2054 simus,
1215 2022 1246 2047 C.
1325 2025 1354 2055 5.
1381 2016 1570 2056 exprimere,
1584 2021 1649 2057 pro
1666 2016 1871 2057 depromere,

527 2078 559 2108 Β,
579 2069 622 2109 13¹,
637 2077 667 2100 C.
715 2069 809 2099 rubr.
828 2069 865 2099 in
884 2078 989 2108 marg.
1008 2068 1110 2108 Papa,
1128 2075 1159 2099 Β.
1207 2077 1277 2105 sua,
1292 2075 1323 2105 B,
1337 2075 1366 2099 C.
1493 2067 1522 2098 6.
1548 2069 1708 2109 scriptme
1725 2079 1826 2106 sacre,
1841 2075 1872 2099 C.

529 2130 557 2164 7.
584 2126 633 2153 est
653 2132 737 2153 corr.
754 2121 799 2152 al.
824 2131 914 2152 man.
940 2131 979 2151 ex
1000 2120 1054 2151 sit.
1227 2120 1256 2151 8.
1281 2120 1435 2161 sequitur
1456 2120 1550 2151 rubr.
1575 2120 1875 2161 hahahanezzadng

529 2174 628 2216 (Boh.
641 2172 861 2212 :maledictu
880 2172 1010 2214 prelati,
1029 2180 1060 2203 C.
1109 2176 1230 2213 petrus,
1247 2182 1309 2203 om.
1331 2172 1374 2203 B¹.
1426 2172 1544 2214 inquit,
1558 2173 1632 2204 add.
1643 2177 1719 2214 post
1734 2173 1870 2214 pascite,

528 2235 559 2258 B.
678 2236 726 2266 13.
751 2225 868 2267 glorie,
886 2236 948 2256 om.
967 2233 998 2264 B,
1017 2223 1061 2263 Bl,
1079 2232 1110 2255 C.
1173 2223 1222 2255 sui
1240 2224 1330 2263 cleri,
1347 2224 1417 2255 ord.
1436 2225 1506 2255 inv.
1526 2233 1556 2256 B.
1663 2233 1712 2265 14.
1738 2235 1872 2266 sopora-

527 2282 641 2310 verunt
657 2288 740 2309 corr.
758 2288 798 2308 ex
815 2282 1063 2318 soporaverant,
1082 2284 1113 2312 Β,
1134 2274 1176 2307 B¹.
1305 2285 1354 2317 19.
1380 2277 1474 2308 rubr.
1493 2277 1530 2307 in
1549 2287 1652 2318 marg.
1672 2277 1873 2316 Decretales‚

528 2339 559 2362 B.
622 2335 726 2372 supra
744 2329 795 2361 vel
811 2330 855 2360 al.
873 2340 964 2361 man.
981 2333 1025 2369 et,
1044 2337 1074 2360 Β.
1134 2338 1243 2369 quam,
1254 2332 1318 2369 pro
1335 2328 1435 2370 quod,
1453 2336 1486 2367 Β,
1505 2328 1548 2360 13¹.
1611 2330 1743 2369 stolide,
1759 2329 1817 2361 sed
1829 2329 1874 2361 al.

527 2394 619 2415 man.
637 2382 674 2414 in
692 2393 797 2424 marg.
818 2382 929 2422 stulte,
948 2389 978 2413 B.
1073 2389 1123 2413 20.
1149 2380 1250 2412 deser.
1269 2380 1359 2417 cler.,
1376 2381 1444 2412 ord.
1464 2381 1534 2413 inv.
1554 2389 1584 2414 B.
