2095 3381
514 272 775 306 SPECULUM
808 271 1038 304 ECCLESIE
1072 272 1376 305 MILITANTIS.
1840 273 1893 317 95

283 389 371 426 dicit
411 388 598 433 Christus,
638 388 742 437 quod
780 389 927 437 expedit
962 389 998 424 εί
1036 392 1078 424 ul
1111 388 1359 436 suspendatur
1403 389 1498 425 mola
1536 389 1613 424 czsz‘m

282 461 395 496 naria
424 461 523 497 circa
553 461 682 496 collum
713 460 789 495 eius
820 463 853 496 el
881 459 1112 508 demergalm
1139 461 1177 495 z'n
1201 460 1431 509 prcffzmdum
1462 461 1580 496 maris
1592 474 1611 503 ;

283 543 354 567 nec
379 530 490 567 video
518 530 715 577 quomodo
745 529 868 566 clerus
895 529 991 566 foret
1022 530 1325 578 proporcionalis
1356 542 1426 578 pro
1457 530 1609 567 residuo
1624 541 1896 567 Diseudowmentis

281 601 442 638 ecclesie
472 601 678 646 militantis,
701 601 772 637 nisi
802 600 849 637 ad
880 600 1040 637 modum
1068 600 1219 637 vivendi
1249 600 1390 637 Christi
1422 613 1489 650 per
1523 614 1610 650 pru·
1624 575 1900 641 ἓὶἳξῗῑᾞῑᾞὲἓῃῗὴῖἰ

249 671 416 713 5dentes
448 672 606 709 ecclesie
643 672 688 708 sit
727 672 911 708 astrictus.
969 671 1019 707 Et
1058 671 1146 708 hinc
1182 670 1357 708 Christus
1393 672 1611 721 parabolice
1625 642 1843 708 gsstrngssmfthe

64 746 245 778 B¹.]62e.
282 741 395 778 docet
425 740 443 760 ⁵⁵
471 753 559 778 suos
598 741 748 786 milites,
788 748 829 777 ut
867 741 906 777 in
946 741 1081 777 diebus
1120 742 1340 778 novissimis
1379 742 1614 791 compellant

282 813 435 849 intrare.
493 812 717 848 Teneamus
739 824 831 860 ergo
852 812 977 861 legem
999 812 1146 848 domini
1168 818 1203 849 et
1226 812 1306 861 ipse
1328 825 1417 849 cum
1438 813 1512 850 hoc
1534 825 1614 849 non

282 889 407 931 potest
437 883 490 919 eis
525 882 711 928 defficere,
744 883 836 931 quin
867 882 1005 920 doceat
1035 883 1136 919 viam
1167 883 1216 919 ad
1246 884 1422 932 patriam,
1451 896 1614 932 propor-

282 957 435 994 cionem
459 953 530 1008 [et]
558 968 763 993 numerum
784 957 960 1004 parcium
981 956 1141 993 ecclesie
1163 962 1200 993 et
1220 957 1407 1006 quidquid
1428 957 1532 994 aliud
1557 964 1614 995 est

230 1046 270 1067 10
283 1028 541 1065 necessarium
573 1027 622 1064 ad
653 1027 825 1064 salutem.
883 1027 933 1064 Et
962 1034 1066 1076 patet
1096 1027 1201 1077 quod
1232 1028 1410 1065 simulata
1439 1035 1614 1066 contem-

64 1111 100 1140 o,
117 1111 165 1140 28
179 1111 214 1140 b.
283 1098 411 1148 placio
432 1104 469 1134 et
497 1097 657 1146 indigna
678 1098 808 1135 oracio
830 1098 1000 1135 officeret
1030 1098 1176 1147 populo
1198 1098 1351 1136 Christi.
1400 1099 1614 1137 Videamus

282 1181 374 1217 ergo
397 1169 427 1205 si
453 1168 573 1206 clerus
600 1169 664 1217 qui
685 1169 771 1205 vivit
798 1175 877 1205 tam
907 1169 1126 1206 seculariter
1154 1170 1200 1206 sit
1227 1171 1551 1219 contemplacioni
1580 1177 1616 1207 et

281 1240 453 1277 oracioni
475 1239 635 1285 deditus,
657 1240 715 1276 vel
732 1240 889 1277 servicio
911 1240 1102 1278 mamonis
1132 1247 1169 1277 et
1198 1241 1351 1279 alterius
1382 1241 1537 1291 dyaboli
1567 1242 1616 1279 ad

281 1310 353 1347 alia
378 1310 537 1348 crimina
557 1310 744 1359 populum
766 1311 969 1348 incitantis.
1026 1311 1076 1347 Et
1105 1311 1180 1348 hoc
1205 1312 1350 1349 nedum
1379 1325 1418 1349 se
1445 1313 1614 1350 extendit

230 1393 267 1423 15
282 1381 330 1417 ad
346 1380 507 1418 clericos
529 1381 720 1418 seculares
741 1381 809 1418 sed
830 1382 878 1418 ad
899 1388 1052 1418 nostros
1073 1382 1283 1431 religiosos,
1302 1390 1380 1420 tam
1401 1383 1614 1432 possessio-

281 1459 392 1489 natos
409 1464 526 1501 quam
543 1453 877 1501 exproprietarios,
895 1465 984 1489 curn
1005 1454 1187 1490 omnibus
1209 1454 1290 1491 aliis
1311 1454 1417 1491 deest
1433 1454 1613 1492 fundacio

279 1523 318 1559 in
348 1523 522 1571 ingressu
550 1523 691 1571 pariter
717 1529 753 1559 et
783 1535 998 1572 progressu,
1056 1523 1107 1560 Et
1134 1530 1249 1573 patet,
1275 1536 1363 1561 cum
1391 1525 1453 1562 lex
1481 1525 1542 1562 dei
1565 1526 1611 1562 sit
1625 1529 1804 1554 Observance
1818 1528 1848 1554 of

1625 1562 1742 1588 Christ's
1755 1563 1808 1587 law

280 1593 530 1642 inculpabilis,
561 1593 666 1642 quod
696 1594 776 1631 eius
806 1595 1031 1632 observacio
1061 1607 1265 1631 numerum
1296 1595 1383 1632 cleri
1412 1596 1452 1632 in
1482 1596 1611 1633 debita
1624 1595 1886 1654 nwii'rssissiessdssistthiaehe

279 1665 535 1713 proporcione
560 1665 818 1710 constitueret,
842 1672 878 1702 et
900 1665 1099 1702 brachium
1129 1666 1287 1703 militare
1313 1678 1359 1702 ex
1392 1667 1451 1703 dei
1480 1668 1611 1716 gracia
1624 1663 1895 1730 ξξὶῗῇζὲᾚὲἓῡᾶω

228 1745 268 1767 20
282 1735 319 1771 in
355 1735 626 1784 predicacione
661 1736 761 1773 fideli
796 1748 1011 1785 paucorum
1047 1737 1290 1774 sacerdotum
1325 1737 1364 1773 in
1395 1737 1471 1774 vita
1508 1745 1612 1775 recta

280 1805 492 1852 instrueret,
510 1813 546 1843 et
567 1807 706 1844 multas
731 1808 895 1844 militum
917 1808 1149 1845 insolencias
1170 1814 1207 1844 et
1227 1808 1447 1856 tyrannides
1472 1806 1611 1861 [nunc]

280 1884 485 1926 regnantes
521 1878 742 1924 destrueret,
777 1879 866 1928 quia
906 1879 1078 1916 mirabile
1117 1878 1222 1927 quod
1262 1891 1402 1928 corpus
1442 1880 1614 1926 ecclesie,

279 1949 470 1986 evacuatis
508 1949 589 1986 istis
628 1950 969 1999 spongiositatibus
1009 1951 1135 1999 ipsum
1165 1950 1457 1997 infirmantibus,
1488 1953 1615 2001 pristi-

281 2032 372 2057 nam
408 2021 610 2057 sanitatem
641 2032 722 2058 non
756 2022 952 2070 reciperet.
1012 2021 1212 2067 Quotlibet
1251 2022 1354 2058 enim
1394 2024 1614 2061 membrum

61 2100 105 2128 D.
123 2100 211 2129 800.
280 2092 387 2128 istius
424 2090 442 2110 *
484 2091 647 2128 ecclesie
690 2091 787 2129 foret
837 2099 929 2129 tunc
972 2092 1130 2129 validius
1178 2092 1227 2129 ad
1274 2093 1463 2142 reliquum
1506 2095 1613 2131 adiu-

278 2163 460 2200 vandum.
519 2162 730 2200 Videamus
770 2175 863 2212 ergo
902 2164 1103 2212 quomodo
1135 2162 1153 2182 ’¹‘
1183 2164 1222 2200 in
1260 2170 1436 2213 tempore
1472 2164 1610 2202 Christi
1624 2174 1652 2195 to
1666 2170 1757 2196 which
1771 2171 1826 2197 and
1840 2176 1869 2197 to

1625 2204 1672 2229 the
1686 2205 1784 2236 people
1797 2205 1889 2231 Christ

278 2247 326 2272 ex
357 2234 605 2272 ordinacione
637 2246 706 2271 sua
735 2235 849 2271 tacita
878 2234 1019 2271 milicia
1049 2241 1106 2271 est
1136 2235 1313 2282 adducta,
1336 2248 1424 2273 cum
1450 2249 1522 2274 nec
1543 2237 1896 2301 fuitffiffiigelliffssggglxed

277 2305 418 2342 milicie
445 2317 516 2342 nec
544 2305 766 2354 vulgaribus
801 2317 997 2351 onerosus,
1026 2306 1093 2343 sed
1124 2313 1324 2356 utramque
1352 2308 1500 2345 illarum
1527 2321 1611 2357 par·
1625 2306 1697 2371 ἓξὲξ
1711 2307 1857 2368 fflffiffl}

278 2377 380 2414 cium
412 2376 624 2414 secundum
655 2377 821 2414 racionis
851 2377 1091 2425 exigenciam
1122 2379 1328 2424 roboravit,
1359 2391 1448 2416 cum
1480 2373 1889 2440 Οεεῆῑὶᾖξζῇζὲξῗοῃζξξγ

226 2462 267 2492 30
280 2447 384 2484 dedit
413 2447 627 2497 dydragma
657 2454 694 2484 et
724 2448 943 2497 vulgaribus
978 2449 1150 2496 graciam
1185 2449 1470 2487 multiformem.
1529 2451 1611 2489 Do-
1624 2441 1730 2473 people'

279 2530 387 2554 mum
428 2524 557 2554 autern
596 2524 661 2555 aut
700 2518 867 2556 redditus
907 2530 986 2555 non
1021 2519 1110 2567 lego
1143 2518 1340 2556 Christum
1371 2533 1443 2569 pro
1475 2533 1516 2558 se
1550 2529 1615 2559 aut

280 2589 358 2626 suis
385 2588 580 2638 discipulis
611 2589 800 2634 habuisse,
823 2590 890 2627 sed
920 2596 1031 2627 natus
1061 2589 1129 2627 fuit
1158 2603 1307 2639 pauper
1335 2592 1373 2628 in
1404 2592 1614 2631 diversorio

280 2667 317 2697 et
345 2661 382 2697 in
409 2666 494 2697 orto
525 2668 634 2697 extra
663 2661 872 2698 Ierusalem
900 2667 1075 2698 mortuus
1102 2667 1139 2698 et
1165 2662 1338 2711 sepultus
1369 2676 1390 2700 a
1417 2664 1611 2711 militibus,

279 2738 407 2768 tamen
430 2731 548 2769 voluit
569 2732 735 2780 gloriose
757 2732 918 2781 sepeliri.

324 2836 355 2865 8.
380 2835 469 2876 quin,
487 2843 517 2874 c,
538 2844 582 2872 133
607 2836 751 2878 quando,
770 2836 815 2868 13¹.
897 2846 944 2876 15.
974 2838 1261 2878 possessionarios,
1280 2847 1311 2870 C.
1384 2849 1432 2871 21.
1462 2845 1612 2880 nompro

281 2885 403 2926 [nunc],
424 2887 466 2926 13¹,
482 2895 511 2926 C,
528 2896 562 2919 D.
670 2896 718 2929 27.
744 2888 889 2930 fuit‚p7¹0
906 2889 996 2928 facit,
1010 2897 1040 2920 C.
1131 2899 1182 2930 34.
1208 2891 1252 2931 gl.
1268 2891 1348 2931 vol,
1365 2892 1437 2922 ord.
1450 2892 1518 2924 inv.
1530 2900 1561 2931 C,
1577 2900 1611 2925 D.
