2095 3381
470 214 729 247 SPECULUM
763 212 990 244 ECCLESIE
1025 211 1331 243 MILITANTIS.
1795 209 1843 252 71

238 337 357 368 status
386 331 552 368 cesarius
581 330 695 368 hodie
720 329 971 374 introductus,
993 335 1030 366 et
1051 329 1282 366 necessitato
1303 328 1406 366 clero
1426 340 1473 364 ex
1494 326 1567 363 fide
1583 331 1805 391 {fe‘ssestfffigffio

238 402 531 451 precellenciam
561 401 818 438 ordinacionis
846 399 985 437 Christi
1015 399 1193 448 preferre,
1225 406 1261 436 et
1292 398 1503 448 specialiter
1532 397 1569 433 in
1583 399 1669 459 {3355
1684 399 1827 463 Ξὲξάῑεξῑξέ

238 474 373 510 diebus
394 472 621 517 novissimis,
643 471 789 509 mundo
811 471 1025 508 declinante
1047 470 1095 507 ad
1116 470 1320 507 avariciam
1340 476 1377 507 et
1397 475 1570 506 cessante
1584 466 1702 493 Chsisst's
1719 466 1781 491 law·

238 543 341 581 clero
361 556 384 580 a
404 555 475 580 suo
497 543 707 580 ministerio
738 548 892 591 propter
922 541 1191 590 temporalium
1222 541 1389 589 copiam,
1411 551 1570 577 necesse

207 614 395 655 5haberet
426 614 548 651 clerus
583 614 650 650 sibi
684 613 754 662 ipsi
787 612 1021 650 concludere
1055 619 1092 649 et
1127 611 1300 649 confiteri
1340 611 1572 648 catholicam

238 685 446 722 veritatem.
503 685 553 721 Et
583 685 636 721 sic
667 696 757 721 cum
788 684 988 721 moderata
1016 683 1228 731 prudencia
1258 682 1414 731 purgari
1441 688 1574 731 posset

238 768 402 804 regnum
423 769 444 793 a
465 756 592 792 multis
613 755 803 792 erroribus
826 755 905 791 sine
928 754 1016 792 cleri
1038 754 1198 802 strepitu
1215 754 1272 790 vel
1292 753 1411 802 partis
1433 753 1574 791 diaboli

238 827 298 864 isti
318 826 477 865 facinori
498 826 727 864 adherentis.
789 825 863 863 Sed
885 824 1242 873 quomodocunque
1265 824 1311 861 sit
1333 824 1379 861 de
1402 824 1464 861 tali
1484 836 1573 873 pru-

240 897 388 942 dencia,
421 897 511 934 satis
541 904 599 935 est
628 897 803 934 fidelibus
833 896 959 933 dicere
987 895 1090 944 quod
1122 896 1175 932 sic
1206 894 1421 931 secundum
1449 894 1575 943 legem

188 981 227 1004 10
241 968 388 1006 domini
428 969 541 1005 debet
583 980 678 1005 esse.
736 968 785 1004 Et
824 967 994 1004 mirabile
1031 966 1128 1003 foret
1159 966 1264 1016 quod
1296 966 1347 1003 sic
1379 979 1427 1003 ex
1457 978 1576 1002 causa

240 1046 389 1077 terrena
408 1051 573 1088 regnum
595 1038 721 1088 anglie
743 1038 900 1076 auderet
921 1037 1101 1074 invadere
1123 1037 1243 1074 multa
1272 1049 1393 1086 regna
1424 1043 1461 1074 et
1491 1049 1575 1073 nes-

22 1113 85 1142 119
99 1112 136 1142 b.
242 1111 334 1148 ciret
352 1111 391 1147 in
413 1122 482 1147 sua
502 1110 624 1158 patria
648 1110 686 1146 in
709 1121 828 1146 causa
852 1109 913 1146 dei
930 1108 1133 1157 adquirere
1156 1138 1162 1145 .
1185 1137 1191 1144 .
1220 1137 1227 1144 .
1250 1107 1467 1157 specialiter
1488 1119 1577 1144 cum

23 1181 117 1212 Luke
134 1180 197 1212 xiv.
243 1181 418 1219 Christus
441 1181 532 1218 luce.
560 1177 627 1227 14O
647 1180 762 1218 docet
781 1179 985 1217 brachium
1007 1179 1176 1216 seculare
1206 1186 1247 1215 ut
1277 1179 1348 1215 sibi
1378 1178 1577 1222 ministret,

26 1234 75 1257 21.

242 1252 516 1301 compellendo
546 1252 691 1289 clerum
721 1252 862 1288 intrare
892 1252 930 1287 in
963 1256 1104 1287 statum
1139 1262 1255 1298 quem
1290 1250 1372 1299 ipse
1407 1249 1577 1286 instituit.

191 1334 228 1365 15
244 1323 362 1360 Unde
400 1323 504 1360 idem
542 1329 600 1360 est
639 1322 836 1360 diabolum
876 1322 1016 1360 docere
1056 1321 1322 1358 antichristum
1358 1333 1470 1357 suum
1505 1320 1579 1357 dis·
1593 1327 1636 1359 By
1650 1325 1831 1352 Antichrist's

1591 1367 1749 1394 argument,
1765 1361 1811 1385 be-

244 1394 415 1443 cipulum
435 1407 505 1443 per
527 1394 815 1432 similitudinem
838 1394 951 1430 istam
972 1405 1132 1442 arguere
1160 1405 1205 1429 ac
1237 1392 1267 1429 si
1297 1392 1350 1429 sic
1381 1398 1555 1441 argueret
1571 1405 1578 1429 :
1593 1394 1861 1460 {ffiffitssyeffigular

245 1466 333 1503 licet
363 1466 523 1503 seculari
552 1465 723 1511 brachio,
745 1465 901 1502 habenti
929 1477 951 1501 a
971 1464 1046 1501 deo
1067 1469 1298 1512 potestatem
1319 1463 1377 1500 vel
1397 1463 1580 1512 gladium,
1593 1462 1861 1527 ξὲξέιῑξᾶξὲξξεξξὴε

246 1537 406 1574 rebelles
436 1537 511 1586 legi
541 1536 690 1574 domini
720 1536 975 1585 corporaliter
996 1535 1226 1580 cohercere3
1258 1547 1352 1583 ergo
1382 1547 1450 1583 per
1478 1534 1582 1571 idem
1595 1529 1691 1595 {3³12ng
1704 1529 1833 1594 ξζόγξξςζ

245 1608 332 1646 licet
352 1608 496 1645 clericis
517 1620 691 1657 pugnare
713 1607 962 1656 corporaliter
984 1613 1019 1643 et
1040 1606 1232 1643 seculares
1254 1605 1434 1643 dominos
1454 1612 1582 1654 potes·
1594 1596 1861 1656 ffigssfflfgffioffis.

193 1690 233 1712 20
246 1679 358 1716 tative
390 1679 594 1727 corripere.
654 1678 730 1715 Sed
751 1678 823 1715 ista
843 1677 993 1714 insania
1013 1677 1134 1713 movit
1154 1688 1288 1725 papas,
1309 1676 1517 1725 episcopos
1546 1681 1583 1712 et

247 1750 466 1788 sacerdotes
501 1749 689 1798 plurimos
721 1749 889 1786 insanire
924 1760 968 1785 ac
1003 1749 1033 1785 si
1069 1748 1123 1785 sic
1156 1755 1354 1797 argueret:
1406 1747 1581 1785 Christus
1595 1753 1838 1819 gffrfficggjgthe

246 1822 350 1859 dedit
384 1821 547 1858 seculari
581 1821 740 1858 brachio
772 1820 887 1857 istum
919 1819 1102 1868 gladium,
1132 1831 1226 1868 ergo
1260 1831 1328 1868 per
1358 1818 1461 1856 idem
1493 1818 1584 1855 dare
1597 1820 1841 1887 Ξνὲἒῗέἒῑῇἰξῗὲζ

246 1893 378 1930 debuit
400 1893 517 1929 istum
537 1891 708 1941 gladium
730 1891 975 1940 prudenciori
1001 1896 1039 1927 et
1067 1890 1234 1938 digniori
1269 1889 1428 1927 brachio
1458 1886 1846 1954 sacer—{gessffifftffgdsr

248 1964 394 2001 dotum.
470 1962 519 2000 Et
554 1963 608 2000 sic
643 1963 673 2001 si
709 1962 883 2000 Christus
916 1961 1110 1999 concessit
1146 1960 1383 1998 secularibus
1418 1954 1822 2022 dominisfflss‘ssgjfffflthe

197 2034 460 2084 25temporale
492 2034 707 2071 dominium
737 2046 803 2082 per
832 2034 935 2070 idem
971 2032 1184 2070 concedere
1223 2032 1354 2069 debuit
1388 2031 1479 2068 illud
1515 2031 1585 2068 do-

250 2106 413 2143 minium
453 2105 653 2142 sacerdoti.
727 2105 810 2142 Nec
851 2104 1034 2141 fundatur
1071 2103 1172 2140 istud
1207 2104 1246 2139 in
1281 2103 1355 2140 fide
1388 2103 1584 2152 scripture,

33 2181 131 2213 Matt.
148 2182 190 2213 iv.
207 2191 237 2223 9.
250 2177 322 2214 nisi
355 2184 396 2214 ut
434 2176 601 2226 loquitur
631 2177 775 2214 ironice
809 2176 879 2212 Mt.
910 2174 950 2221 4⁰
977 2188 1024 2212 ex
1055 2175 1314 2224 temptacione
1338 2174 1479 2212 diaboli
1508 2185 1585 2222 qua
1599 2174 1816 2239 gargssrfclffijgly

249 2249 289 2285 in
328 2248 589 2297 temptacione
632 2254 674 2296 3a
709 2247 909 2296 temptavit
954 2246 1152 2284 Christum
1194 2246 1437 2283 sacerdotem
1482 2240 1866 2307 suin—{ffigggffiffissttffie

251 2331 369 2365 mum,
409 2319 673 2368 promittendo
710 2318 779 2355 sibi
818 2318 1078 2367 presumptive
1112 2323 1148 2354 et
1187 2317 1279 2355 false
1318 2317 1423 2366 quod
1458 2308 1846 2373 omiiiaffifflg¹rffitfggpe

199 2402 239 2433 30
253 2390 361 2439 regni
381 2390 516 2427 mundi
538 2390 606 2427 sibi
629 2389 736 2427 daret
757 2390 787 2426 si
810 2389 954 2427 cadens
975 2389 1103 2438 ipsum
1117 2388 1353 2434 adoraverit;
1375 2400 1469 2437 ergo
1486 2400 1588 2436 papa
1601 2377 1660 2402 mle
1672 2374 1765 2401 them!

253 2462 424 2511 capitalis
446 2473 537 2498 suus
557 2461 720 2498 vicarius
742 2461 855 2498 debet
878 2461 931 2498 sic
953 2460 1181 2509 generaliter
1202 2460 1392 2497 dominari
1412 2466 1449 2496 et
1469 2471 1589 2508 regna

254 2541 403 2571 terrena
425 2533 500 2569 suis
522 2532 764 2570 servitoribus
782 2533 893 2582 juxta
915 2544 1027 2568 suurn
1047 2532 1248 2580 imperium
1269 2532 1462 2581 impartiri.
1513 2531 1589 2568 Sed

255 2605 376 2642 fidelis
397 2616 527 2642 servus
549 2604 689 2641 Christi
710 2610 868 2652 negaret
890 2604 1006 2640 talem
1033 2603 1240 2652 arguciam,
1262 2603 1309 2640 de
1339 2603 1590 2641 ordinacione

257 2676 405 2714 domini
434 2682 691 2713 contentatus.
752 2675 926 2712 Christus
957 2675 1059 2712 enim
1090 2674 1276 2711 ordinavit
1307 2674 1475 2712 seculare
1505 2675 1589 2711 bra·
1606 2680 1659 2705 But
1675 2678 1769 2705 Christ
1787 2678 1869 2705 made

1603 2714 1650 2738 the
1664 2714 1774 2738 secular
1787 2722 1846 2738 arm

202 2755 242 2787 35
257 2747 387 2784 chium
414 2760 482 2796 per
502 2753 732 2796 potestatem
755 2747 970 2784 coactivam
992 2752 1027 2782 et
1049 2745 1316 2783 cohersitivam
1337 2757 1420 2782 esse
1442 2745 1589 2782 deitatis
1603 2746 1847 2807 ἓέἀζὲέῗῡῑὴῑὸ

256 2819 449 2864 vicarium,
472 2818 601 2856 dando
624 2818 657 2856 ei
678 2818 848 2867 gladium
870 2817 1123 2867 corporalem,
1146 2824 1183 2854 et
1204 2817 1391 2855 ordinavit
1412 2816 1590 2854 sacerdo-
