2095 3381
421 242 680 274 SPECULUM
714 241 946 274 ECCLESIE
980 240 1285 272 MILITANTIS.
1750 240 1805 286 35

189 361 357 409 majores
379 372 469 397 cum
501 372 570 397 suo
600 359 773 397 dominio
803 365 840 397 et
870 358 1193 396 confederacione
1223 369 1458 407 magnorum
1479 356 1526 394 de
1540 364 1755 425 Ξῖἔνδεὲξιέιὸἔῑε-

190 444 260 469 suo
291 432 480 480 sanguine
519 432 752 480 extinguunt
781 431 900 468 multa
930 437 1094 480 peccata
1123 437 1160 467 et
1189 429 1355 475 hereses,
1385 429 1530 466 faciunt
1542 432 1812 493 {figessi'foffvffissms’

190 503 423 541 elemosinas
453 503 593 541 multas
622 509 660 540 et
689 515 854 552 magnas
875 509 912 540 et
932 508 1063 539 tenent
1093 501 1349 539 venerabilem
1371 501 1531 539 domum
1544 500 1668 534 pitality·

1 589 3 625 ξ
192 581 230 612 et
268 587 453 623 magnam
503 574 688 611 familiam
730 586 805 622 que
844 573 974 623 regnis
1012 579 1070 610 est
1108 573 1157 610 ad
1197 572 1457 610 fortitudinem
1496 578 1534 609 et

161 646 396 686 5h0norem.
475 645 573 691 Quis
620 658 714 694 ergo
761 645 976 682 intenderet
1028 644 1122 681 tales
1169 644 1337 693 prelatos
1385 643 1535 681 nobiles

195 718 446 754 mendicare?
505 717 667 754 Videtur
693 716 798 765 quod
827 715 900 753 hoc
926 715 1156 753 machinans
1180 715 1343 753 intendit
1372 727 1537 764 regnum

195 789 391 826 destruere
412 796 449 826 et
470 789 598 825 laxare
620 789 764 825 abenas
785 787 1006 826 hominibus
1027 787 1076 824 ad
1097 787 1352 836 peccandum,

250 860 439 898 VERITAS.
500 860 651 897 Scimus
672 859 777 908 quod
809 865 941 896 nostra
970 859 1140 896 intencio
1160 865 1218 896 est
1239 857 1428 895 catholica
1448 856 1538 906 quia
1555 870 1620 896 Ver.
1636 873 1778 897 answers:

2 918 10 1002 ll
197 932 305 969 fides.
364 932 607 969 Intendimus
639 931 742 968 enim
773 930 991 980 profectum
1022 931 1136 968 trium
1170 930 1346 979 parcium
1379 928 1539 967 ecclesie

9 1002 11 1063 l
144 1014 184 1037 10
201 1003 418 1041 secundum
439 1003 657 1040 armoniam
678 1009 715 1040 et
735 1002 901 1040 formam
923 1015 1041 1052 quam
1062 1002 1219 1039 dederat
1240 1001 1331 1051 jhus
1352 1000 1539 1038 Christus.

202 1074 278 1112 Sed
302 1075 387 1124 quis
418 1074 581 1111 infidelis
611 1080 743 1123 posset
773 1074 928 1111 inficere
955 1073 1029 1111 hoc
1062 1080 1241 1110 sanctum
1270 1072 1541 1122 propositum?

202 1146 379 1184 Christus
399 1147 504 1183 enim
530 1146 597 1183 fuit
628 1146 887 1184 nobilissimus
914 1145 1033 1184 homo
1063 1145 1200 1183 mundi
1226 1152 1263 1183 et
1284 1151 1416 1182 tamen
1437 1149 1542 1193 post·
1556 1154 1611 1179 vet
1625 1152 1721 1180 Christ
1736 1160 1794 1178 was

202 1230 320 1267 quam
351 1224 552 1267 acceperat
581 1217 684 1255 hunc
716 1224 858 1255 statum
883 1217 973 1255 cleri
1002 1224 1081 1254 tam
1110 1217 1150 1253 in
1181 1229 1220 1254 se
1250 1228 1369 1265 quam
1398 1215 1437 1252 in
1468 1215 1545 1252 suis
1557 1197 1635 1221 poor'

11 1294 62 1329 07.
204 1290 381 1339 cognatis
408 1288 426 1308 ἧς
460 1290 621 1327 servavit
655 1290 705 1327 ad
732 1290 906 1339 regulam
934 1295 1201 1339 paupertatem
1228 1287 1483 1325 humilitatem
1509 1292 1547 1323 et

149 1371 188 1404 15
206 1362 266 1400 dei
298 1362 580 1400 obedienciam.
639 1361 690 1399 Et
718 1361 806 1399 fecit
836 1362 930 1399 alios
952 1373 1049 1410 quos
1077 1360 1244 1409 elegerat
1271 1359 1311 1396 in
1335 1357 1545 1408 apostolos,
1560 1363 1625 1389 And
1640 1362 1763 1388 suffered
1776 1360 1820 1387 his

1571 1397 1670 1422 >insme
1724 1396 1762 1421 nd

206 1446 374 1484 quorum
414 1434 573 1483 quidam
612 1440 720 1470 erant
760 1434 817 1470 sui
857 1432 1011 1482 cognati
1049 1432 1184 1468 virtute
1230 1430 1392 1475 nobiles,
1433 1430 1547 1466 istam
1560 1398 1728 1464 lgpostlegtz
1741 1430 1828 1456 beso.

208 1505 383 1554 regulam
412 1506 629 1543 observare.
689 1504 903 1550 Quomodo
936 1516 1029 1553 ergo
1069 1515 1150 1540 non
1189 1502 1433 1539 erubesceret
1462 1501 1548 1549 quis

13 1630 14 1638 ἵ
206 1577 323 1625 gratis
348 1577 543 1626 accipiens
573 1577 687 1614 istum
718 1582 870 1621 statum,
892 1581 929 1612 et
955 1581 1044 1624 post
1073 1580 1280 1623 acceptum
1307 1572 1549 1621 degenerans

13 1641 30 1686 ἰ.
44 1656 67 1685 9
82 1664 111 1685 c.
206 1648 256 1685 ab
276 1648 427 1694 eodem,
450 1660 542 1685 nam
563 1649 602 1685 in
629 1647 704 1686 hoc
726 1647 867 1685 faceret
889 1659 929 1684 se
950 1658 1102 1683 servum
1124 1644 1142 1664 ’¹‘
1166 1644 1309 1682 diaboli
1329 1650 1366 1681 et
1386 1643 1549 1693 peccati.

152 1731 192 1753 20
208 1719 259 1757 Et
278 1720 350 1758 ista
381 1727 438 1758 est
468 1720 628 1757 servitus
658 1719 841 1764 maxima,
874 1718 1051 1755 servitute
1077 1716 1195 1754 seculi
1223 1716 1310 1766 plus
1344 1715 1551 1752 horrenda.

210 1791 263 1829 Et
302 1792 355 1829 sic
396 1798 612 1841 magnates,
654 1792 821 1828 nitentes
861 1796 1052 1839 cognatos
1093 1800 1182 1827 suos
1221 1788 1261 1824 in
1301 1787 1552 1837 dignitatibus
1566 1789 1799 1851 ffiffissssfffh‘giio

212 1864 366 1913 magnis
386 1864 581 1913 preficere,
603 1869 760 1913 propter
775 1862 944 1901 honores
966 1860 1189 1898 mundanos
1210 1866 1247 1897 et
1267 1860 1416 1897 lucrum
1438 1858 1553 1896 seculi
1566 1859 1615 1884 kin
1629 1859 1672 1884 for
1687 1857 1760 1883 their
1773 1865 1837 1883 0W1¹

1567 1893 1677 1918 honour
1689 1901 1737 1917 are
1751 1900 1794 1917 as-

209 1936 248 1972 in
284 1936 430 1985 seipsis,
462 1936 589 1985 primo
621 1935 859 1985 degenerant
895 1947 917 1971 a
957 1933 1118 1972 domino
1156 1932 1227 1983 jhu
1263 1931 1428 1977 Christo,
1465 1931 1553 1980 quia
1567 1926 1735 1987 ξὲξὲῇῑεξῡῑ

211 2006 385 2044 videntur
404 2019 489 2044 esse
520 2007 612 2044 socii
641 2006 767 2043 furum
797 2013 833 2043 et
863 2005 1030 2042 fautores
1060 2004 1339 2049 hereticorum3
1371 2003 1477 2051 quod
1498 2008 1556 2039 est

19 2080 88 2113 [att.
107 2090 160 2111 xx.
212 2086 350 2116 contra
370 2079 473 2116 facta
493 2085 530 2116 et
550 2079 667 2115 verba
683 2077 895 2123 domini,ut
915 2083 1020 2126 patet
1037 2075 1132 2113 Mat.
1151 2088 1200 2112 20
1217 2075 1264 2112 de
1280 2075 1364 2111 filiis
1385 2073 1555 2111 zebedei.

218 2150 455 2188 Conceditur
476 2163 568 2200 ergo
590 2150 697 2199 quod
712 2149 892 2186 nobilitas
913 2148 1066 2198 generis
1086 2147 1126 2184 in
1146 2146 1301 2196 prelatis
1321 2152 1449 2195 potest
1471 2156 1556 2182 esse
1571 2151 1824 2219 Ξοῖἰῑέἱᾙεὲῑῶἶῗ

216 2229 297 2260 tam
317 2223 356 2259 in
376 2223 468 2271 ipsis
491 2234 610 2271 quam
630 2221 794 2258 ecclesia
815 2220 969 2258 occasio
990 2218 1100 2255 multi
1120 2218 1224 2263 boni,
1247 2218 1345 2255 sicut
1366 2223 1402 2254 et
1431 2222 1559 2265 potest
1571 2219 1752 2281 gibiggeffi‘if'd'
1767 2219 1819 2245 but

214 2307 298 2332 esse
319 2294 476 2332 occasio
501 2293 609 2331 multi
634 2293 737 2339 mali,
759 2292 974 2342 specialiter
1005 2291 1035 2328 si
1066 2291 1247 2327 virtutum
1277 2289 1456 2327 nobilitas
1476 2300 1558 2326 non

212 2367 409 2416 jungatur.
480 2365 577 2403 Ideo
618 2364 793 2402 Christus
832 2363 1002 2413 prudens
1041 2362 1217 2400 medicus
1252 2360 1432 2409 eligendo
1466 2371 1558 2397 suos

260 2472 289 2503 3.
316 2462 542 2500 universalem,
555 2466 620 2502 pro
636 2460 868 2498 venerabilem,
886 2467 917 2490 C.
1025 2466 1055 2498 5.
1081 2458 1236 2495 tenderet,
1255 2465 1285 2495 Β,
1304 2456 1348 2496 13¹,
1366 2465 1398 2488 C.
1508 2465 1557 2496 14.

214 2520 246 2547 et
262 2515 497 2552 humilitatem,
518 2522 549 2550 B,
568 2521 599 2544 C.
732 2512 772 2551 ei,
785 2517 850 2553 pro
866 2511 931 2551 dei,
949 2519 980 2547 B,
999 2510 1042 2548 13¹,
1061 2518 1092 2542 C.
1228 2510 1452 2541 obedientiam
1469 2508 1559 2540 fecit.

214 2568 272 2599 Ali
290 2568 389 2607 (corr.
407 2578 448 2598 ex
464 2566 562 2603 alios)
582 2575 665 2608 quos
682 2564 723 2596 el.
742 2565 775 2595 in
792 2575 846 2605 ap.
867 2589 874 2596 .
895 2589 901 2596 .
922 2589 928 2595 .
948 2563 1022 2595 virt.
1044 2563 1133 2601 nob„
1151 2562 1206 2603 qui
1224 2561 1325 2603 (corr.
1342 2573 1383 2593 ex
1398 2562 1442 2602 et)
1462 2561 1561 2592 istam

216 2631 284 2661 reg.
303 2620 525 2657 observarunt,
544 2626 576 2649 Β.
624 2617 858 2649 obedientiam.
906 2616 999 2647 Fecit
1016 2615 1112 2646 aliter
1125 2625 1207 2656 quos
1224 2614 1264 2646 el.
1284 2615 1317 2645 in
1334 2625 1387 2655 ap.
1408 2639 1414 2645 .
1434 2639 1441 2645 .
1462 2639 1468 2645 .
1486 2614 1560 2645 virt.

216 2673 307 2710 nob.,
325 2672 382 2712 qui
406 2672 503 2702 istam
526 2681 592 2712 reg.
617 2670 840 2708 observarunt,
860 2668 903 2700 13¹.
966 2668 1197 2699 obedientiam.
1256 2666 1349 2698 Fecit
1372 2666 1456 2697 alios
1480 2676 1563 2707 quos

216 2724 258 2756 el.
276 2724 310 2754 in
327 2734 380 2765 ap.
400 2749 407 2755 .
427 2748 433 2755 .
453 2748 459 2755 .
478 2723 552 2754 virt.
570 2723 647 2753 nob.
666 2722 722 2763 qui
740 2721 836 2752 istam
854 2731 922 2762 reg.
941 2721 1160 2758 observarent,
1178 2727 1210 2751 C.
1316 2728 1366 2750 20.
1392 2722 1486 2756 esset,
1498 2722 1563 2758 pro

217 2780 277 2812 est,
296 2784 328 2815 B,
340 2775 386 2814 13¹,
398 2783 430 2807 C.
532 2784 582 2816 24.
609 2784 676 2805 soe.
691 2778 723 2805 et
740 2773 821 2804 faut.
836 2773 897 2804 fur.
912 2777 944 2803 et
956 2772 1034 2810 her.,
1051 2779 1083 2803 B.
1131 2781 1198 2802 soc.
1216 2770 1296 2801 faut.
1314 2774 1345 2801 et
1362 2770 1420 2801 fur.
1436 2775 1467 2800 et
1481 2769 1563 2808 her.,

218 2827 264 2859 13¹.
312 2838 378 2860 soc.
391 2828 469 2858 saut.
485 2827 545 2858 fur.
563 2831 595 2857 et
608 2827 690 2865 her.,
704 2834 735 2857 C.
844 2832 894 2866 27.
919 2825 952 2855 in
970 2823 1119 2864 ecelesia,
1138 2831 1168 2860 Β,
1188 2822 1230 2861 13¹,
1249 2830 1280 2854 C.
1405 2831 1454 2863 29.
1480 2831 1563 2853 mer-

218 2883 323 2921 gatur,
334 2884 398 2921 pro
411 2879 576 2920 jungatur,
595 2886 625 2918 B,
641 2878 687 2918 13¹,
702 2886 732 2909 C.

852 2952 920 2976 D2
