2095 3381
235 198 287 242 72
749 202 1012 235 SPECULUM
1045 203 1276 235 ECCLESIE
1310 203 1618 236 MILITANTIS.

232 329 280 355 the
294 328 500 388 {lergdyoflffis
514 317 615 354 cium
647 329 732 355 esse
752 317 1002 356 humanitatis
1024 318 1166 357 Christi
1187 319 1372 357 vicarium
1400 319 1591 369 paciendo
1612 327 1648 358 et
1668 319 1796 369 ipsum
1817 319 1859 357 in

225 372 501 463 Ξῖξὲἕὲςάὲἐιῑᾶς
514 388 727 426 humilitate
748 380 784 426 et
804 390 1120 428 tribulacionibus
1148 391 1349 437 imitando,
1372 398 1412 428 ut
1433 391 1549 429 docet
1569 392 1796 441 augustinus
1815 391 1857 427 in

231 465 410 497 xvrong,and
513 461 601 498 loco
622 462 834 511 multiplici.
894 462 971 499 Sed
992 462 1170 500 diabolus
1197 462 1384 511 presumit
1414 463 1520 511 quod
1551 462 1726 500 Christus
1756 461 1857 499 male

230 507 333 530 argues
347 498 408 523 that
423 498 447 523 if

230 532 491 591 ssgsstefigclssisvsssffie
511 532 550 569 in
576 533 651 570 hoc
683 533 885 579 ordinavit,
907 546 998 570 cum
1028 546 1112 571 esse
1147 533 1278 571 debuit
1310 546 1331 570 e
1361 545 1563 581 converso,
1596 541 1633 571 et
1663 534 1717 572 sic
1748 534 1859 571 locus

230 599 481 665 (ἒῗζζξέἳῑὲζρζᾞώ
511 617 533 642 a
555 604 690 641 simiali
712 605 960 642 similitudine
983 617 1060 656 qua
1082 606 1137 642 sic
1164 605 1356 654 arguitur:
1403 605 1432 642 si
1463 605 1635 643 seculare
1656 604 1858 642 brachium
1873 612 1892 645 5

229 667 302 693 from
315 667 362 692 the
376 668 480 700 clergy,

229 710 260 727 so
275 701 321 726 the
335 701 431 739 clergy

229 741 304 794 ἷῗξζξ
315 744 488 794 ζξξῗζξωό,
511 747 627 793 dedit,
647 760 741 797 ergo
762 761 831 797 per
859 748 964 786 idem
995 748 1265 786 sacerdocium
1292 748 1469 796 accipere
1499 748 1615 785 debet
1644 761 1667 785 a
1697 747 1861 785 seculari

229 802 497 828 armthedominion
634 820 639 826 .
1007 821 1013 827 .
1050 820 1056 826 .
1327 819 1333 826 .
1685 819 1691 826 .
1814 819 1820 826 .

229 836 322 862 which
336 837 385 862 the
398 836 473 862 devil
512 819 669 856 brachio
700 820 873 857 seculare
910 820 1128 857 domimum
1159 819 1264 869 quod
1298 819 1476 857 diabolus
1510 825 1721 869 usurpavlt.
1783 818 1860 863 Sic,

229 871 353 903 usui-ped
367 870 372 896 l

511 676 686 725 accipere
717 676 849 714 debuit
879 689 901 713 a
931 677 1034 714 clero
1064 689 1178 714 suum
1208 676 1429 713 dominium
1453 677 1559 725 quod
1581 676 1765 715 dominus
1786 676 1859 714 sibi

511 890 683 940 inquam,
718 903 887 940 arguens
923 898 980 928 est
1015 892 1129 929 nimis
1162 898 1302 941 patens
1333 891 1507 940 sophista
1538 890 1702 937 diaboli;
1736 897 1774 928 et
1804 891 1858 928 sic

511 963 694 1011 potencia
714 962 805 1000 cleri
826 964 971 1009 cesarii,
994 976 1042 1000 ex
1070 964 1222 1001 cautela
1252 964 1396 1002 diaboli
1427 975 1542 1012 super
1572 961 1743 1000 seculare
1773 962 1858 998 bra·
1875 974 1915 997 10

511 1033 642 1071 chium
676 1034 929 1081 invalescens,
962 1035 1001 1072 in
1036 1048 1181 1084 penam
1217 1036 1368 1085 peccati
1405 1034 1587 1072 secularis
1621 1033 1771 1071 brachii
1810 1034 1860 1070 ita

511 1106 638 1142 crevit.
699 1105 795 1144 Ideo
816 1106 932 1143 debet
956 1118 1048 1143 cum
1076 1105 1220 1144 Christi
1250 1107 1466 1156 prudencia
1495 1105 1704 1155 temperari
1736 1111 1774 1142 et
1805 1104 1859 1142 sic

511 1178 602 1215 cleri
632 1178 856 1227 temporalis
886 1179 1070 1227 potencia
1100 1179 1216 1216 debet
1245 1191 1336 1216 cum
1367 1179 1428 1216 dei
1458 1177 1656 1227 sapiencia
1681 1176 1859 1226 mitigari.

227 1257 289 1284 The
303 1257 411 1284 wicked
428 1257 498 1290 folly
510 1248 561 1286 Et
582 1249 678 1286 sicut
699 1249 836 1286 dicitur
861 1250 1156 1287 constantinum
1186 1250 1384 1299 anglicum
1414 1250 1529 1287 istam
1549 1248 1747 1287 vesaniam
1777 1247 1859 1285 dia-

227 1292 323 1325 begun
337 1293 375 1324 by
389 1292 436 1317 the

227 1326 351 1386 {25}ss
362 1326 484 1392 Cn‘issffln
510 1321 681 1358 bolicam
711 1321 1006 1371 presumpsisse,
1028 1322 1080 1359 ita
1110 1329 1244 1371 posset
1274 1322 1368 1360 deus
1399 1321 1558 1359 faciliter
1579 1332 1711 1369 regem
1731 1319 1858 1368 anglie
1875 1334 1914 1368 15

227 1393 480 1453 ξθῡξξεξζξῇἓῗνῑξθ
511 1399 548 1430 et
576 1405 690 1431 suum
721 1393 932 1430 concilium
962 1393 1013 1430 ad
1042 1393 1356 1432 destruccionem
1386 1394 1470 1444 ejus
1499 1392 1736 1442 prudentem
1767 1403 1859 1429 cum

227 1461 421 1521 ἒζξξξῃὲῑῦἕ
434 1461 467 1487 0f
511 1464 696 1514 spirituali
725 1465 925 1514 juvamine
960 1465 1172 1510 ordinasse,
1205 1472 1241 1503 et
1276 1465 1368 1502 dare
1403 1465 1457 1502 eis
1492 1464 1703 1502 concilium
1734 1463 1860 1501 sancti

276 1516 293 1528 ὅ
511 1537 665 1586 spiritus
685 1543 727 1573 ut
747 1548 817 1585 per
838 1536 1009 1573 medium
1031 1537 1166 1586 apcius
1188 1537 1262 1575 hoc
1288 1542 1530 1586 attemptent.
1589 1535 1666 1573 Sed
1691 1536 1783 1572 satis
1803 1541 1862 1572 est

510 1609 625 1646 nobis
653 1608 832 1658 detegere
863 1609 1077 1646 diabolicas
1107 1609 1286 1658 argucias
1316 1609 1355 1645 in
1385 1608 1610 1659 oppositum
1639 1606 1859 1644 fabricatas.

510 1679 561 1717 Et
596 1680 651 1718 sic
687 1681 716 1717 si
747 1693 851 1730 papa
883 1681 931 1718 sit
960 1681 1109 1730 juratus
1144 1681 1194 1718 ad
1229 1681 1455 1730 oppositum
1487 1664 1545 1717 est
1580 1680 1729 1729 juratus
1770 1691 1858 1717 cum
1876 1693 1916 1715 20

510 1752 665 1790 diabolo
696 1759 831 1790 contra
862 1752 1072 1798 Christum,
1110 1753 1207 1790 sicut
1237 1752 1423 1802 accepcio
1459 1751 1674 1789 medietatis
1709 1750 1860 1800 imperii

510 1824 580 1861 fuit
609 1836 656 1861 ex
687 1824 839 1861 cautela
869 1824 1013 1862 diaboli
1043 1830 1238 1873 usurpata.
1298 1823 1349 1861 Et
1380 1824 1410 1860 si
1440 1835 1542 1873 pape
1578 1822 1732 1867 subditi,
1762 1822 1860 1859 anti-

227 1913 289 1939 The
303 1912 482 1945 d1501p12505
511 1895 641 1933 christi
662 1896 852 1944 discipuli,
875 1896 914 1932 in
944 1896 1018 1933 isto
1049 1896 1121 1932 sibi
1151 1895 1381 1940 resisterent,
1404 1895 1469 1932 ubi
1501 1895 1540 1932 in
1569 1906 1687 1931 causa
1718 1893 1860 1932 Christi

228 1946 390 1973 Antichrist
405 1952 480 1972 must
739 1967 744 1974 .
1547 1967 1553 1973 ,
1597 1967 1604 1974 ,
1827 1966 1833 1973 ,

227 1981 262 2007 be
276 1982 429 2014 gradually
510 1966 561 2004 ad
606 1974 831 2017 opposrtum
874 1974 1160 2016 promoverent,
1202 1974 1291 2004 sunt
1331 1980 1422 2005 cum
1463 1966 1606 2004 Christ1
1646 1966 1861 2016 prudencia

226 2015 349 2048 brought
364 2022 393 2041 to
406 2016 454 2041 the
646 2039 651 2045 .
863 2039 868 2045 .
932 2039 937 2045 .
1091 2040 1097 2046 .
1204 2040 1210 2046 .
1285 2039 1290 2045 .
1408 2039 1413 2045 .
1743 2039 1749 2045 .
1834 2037 1840 2044 .

227 2055 291 2075 true
305 2050 383 2082 path.
510 2038 701 2089 paulative
723 2039 772 2076 ad
794 2046 960 2076 veritatis
989 2045 1181 2077 tramitem
1202 2039 1427 2077 inclinanch.
1477 2039 1528 2076 Et
1550 2038 1645 2076 deus
1666 2038 1859 2076 ordlnavit
1874 2048 1914 2080 25

510 2110 550 2147 in
583 2110 657 2148 isto
689 2116 866 2159 tempore
899 2110 949 2147 ad
982 2110 1058 2147 hoc
1092 2110 1222 2147 media
1260 2122 1336 2159 que
1376 2110 1511 2147 diebus
1545 2110 1733 2159 preteritis
1769 2116 1859 2147 sunt

509 2180 659 2218 mundo
682 2181 921 2219 abscondita.
963 2181 1013 2218 Et
1035 2188 1225 2232 quantum
1246 2181 1294 2219 ad
1317 2181 1662 2219 confirmacionem
1685 2180 1732 2218 de
1754 2179 1859 2218 facto

509 2253 639 2302 papali
676 2253 811 2290 dicunt
850 2254 1011 2303 quidam
1046 2254 1153 2302 quod
1188 2261 1245 2291 est
1279 2254 1488 2291 maledicta
1518 2252 1725 2301 usurpacio
1759 2253 1859 2289 anti-

226 2331 289 2358 The
302 2331 454 2363 precedent
469 2324 651 2362 oschristi.
710 2324 806 2362 Ideo
837 2325 934 2362 sicut
960 2338 1125 2374 regnum
1145 2325 1286 2375 Anglie
1308 2326 1469 2363 detinuit
1490 2325 1702 2375 prudenter
1733 2336 1859 2362 nona-

226 2366 447 2431 ἓῗῐῗὲῗῗῇὶξὲῗε
508 2403 647 2445 gentas
667 2408 820 2434 marcas
847 2397 887 2433 in
909 2397 1049 2446 quibus
1080 2397 1132 2434 illi
1163 2397 1253 2435 inde
1285 2398 1487 2435 annuatim
1519 2409 1558 2434 se
1591 2396 1727 2434 dicitur
1759 2395 1856 2433 obli-
1872 2410 1914 2442 30

226 2433 350 2493 ἓξὲξ-Ε
364 2442 397 2459 eh
510 2479 634 2517 gasse,
658 2468 712 2505 sic
736 2480 826 2505 curn
854 2468 1067 2518 prudencia
1098 2469 1239 2518 poterit
1269 2468 1422 2506 aliunde
1453 2469 1540 2517 paci
1573 2497 1579 2506 .
1613 2498 1620 2505 .
1652 2497 1659 2505 .
1692 2467 1858 2517 amplius

509 2539 549 2575 in
582 2539 740 2576 nomine
771 2539 919 2576 domini
949 2546 1191 2589 attemptare.
1250 2540 1301 2578 Et
1331 2540 1385 2578 sic
1410 2548 1598 2590 quantum
1623 2540 1672 2577 ad
1693 2551 1858 2589 regnum

510 2610 685 2659 hispanie
718 2641 724 2648 .
757 2640 764 2647 .
797 2640 805 2648 .
835 2611 875 2648 in
896 2611 971 2650 isto
992 2612 1283 2661 presumpserit,
1312 2624 1393 2649 non
1424 2618 1481 2650 est
1512 2612 1615 2649 aliud
1647 2612 1718 2649 nisi
1751 2611 1857 2660 quod

227 2689 387 2756 {salodneggossg
402 2689 496 2750 &iffi
511 2682 688 2719 diabolus
732 2682 781 2719 ad
819 2689 971 2732 tempus
1002 2695 1120 2732 parva
1163 2711 1171 2720 .
1203 2713 1211 2720 .
1243 2712 1250 2720 .
1292 2683 1374 2720 ihm
1407 2683 1617 2721 Christum.
1679 2683 1855 2720 Christus
1873 2691 1950 2721 120.

228 2758 303 2790 only·
511 2766 604 2802 ergo
634 2753 795 2802 deponit
824 2766 934 2803 reges
964 2754 1153 2792 inhabiles
1183 2767 1251 2803 per
1276 2755 1491 2792 institutum
1514 2768 1624 2792 suum
1648 2755 1854 2793 abscondi·
1871 2769 1911 2801 35

511 2832 604 2871 tuni,
627 2825 712 2863 ideo
733 2838 892 2863 necesse
913 2825 1057 2864 habent
1078 2839 1189 2875 reges
1211 2827 1365 2876 culpam
1388 2839 1498 2865 suam
1525 2827 1571 2865 de
1602 2826 1851 2865 defendendo
