2095 3381
183 255 238 297 94

179 805 322 839 Scripture
336 815 400 832 con-

178 840 252 865 tains
265 840 291 865 in
307 840 384 865 itself
394 840 431 865 all

178 874 345 906 knowledge
356 874 438 905 (even

177 908 210 933 of
220 908 267 932 the
281 908 417 939 sciences)

177 941 284 979 helpful
300 948 328 967 to
341 942 430 967 salva-

176 981 245 1002 tion.

178 1239 219 1264 Its
233 1239 292 1264 rule
305 1248 336 1264 as
350 1244 378 1265 to
393 1239 440 1264 the

176 1282 240 1305 way
253 1273 348 1305 clergy
362 1282 409 1298 are

176 1312 205 1332 to
220 1307 273 1332 live
287 1307 413 1333 involves
425 1316 442 1332 a

176 1341 236 1366 rule
250 1350 280 1366 as
294 1347 323 1366 to
337 1341 410 1366 their

176 1375 302 1405 number,
318 1375 410 1401 which

176 1408 249 1433 their
262 1415 341 1441 great

176 1451 314 1468 revenues
327 1452 390 1468 now

177 1476 258 1501 make
272 1476 422 1503 excessive.

178 2101 226 2127 No
241 2100 359 2126 number
372 2100 402 2126 of

177 2135 257 2161 mock
273 2135 373 2167 priests
387 2144 438 2160 can

177 2169 257 2200 profit
273 2169 319 2195 the
335 2169 450 2195 church.

696 252 957 284 SPECULUM
991 252 1225 285 ECCLESIE
1258 252 1567 286 MILITANTIS.

462 369 643 418 sagittent
672 368 829 406 racione
859 381 935 417 que
965 380 1139 406 consona
1169 375 1226 406 est
1256 369 1453 418 scripture.
1512 370 1563 407 Et
1584 371 1808 420 quicunque

461 441 571 477 vivax
594 440 769 488 sagittam
790 440 906 476 talem
933 440 1146 488 proiecerit‚
1169 440 1252 489 ipsa
1272 447 1329 478 est
1349 454 1438 478 cum
1460 441 1670 480 humilitate
1691 449 1728 479 et
1749 455 1807 480 re-

461 511 638 548 verencia
659 511 908 557 admittenda,
927 511 1026 560 quia,
1043 518 1084 548 ut
1106 524 1196 560 sepe
1214 519 1467 561 protestatum
1484 519 1551 559 est,
1570 515 1802 563 quicunque,

461 583 584 620 eciam
615 582 813 631 dyabolus,
837 583 1055 632 allegaverit
1083 583 1244 620 fideliter
1275 584 1391 621 fidem
1426 585 1611 634 scripture
1636 597 1707 634 pro
1737 598 1806 623 sua

462 655 670 700 sentencia,
706 661 950 703 acceptarem
982 654 1085 691 illam
1126 655 1319 692 humiliter
1353 668 1424 704 pro
1460 656 1697 694 auctoritate.
1757 656 1840 698 Et5

463 733 651 775 quantum
692 725 741 762 ad
776 726 972 763 racionem
1012 725 1166 772 factam,
1198 726 1345 763 dictum
1379 734 1437 764 est
1477 728 1664 776 superius,
1703 733 1745 765 ut
1785 740 1807 764 a

465 797 697 847 quibusdam
726 797 851 841 didici,
874 797 972 834 sicut
1002 798 1190 846 scriptura
1218 810 1328 835 sacra
1357 805 1413 836 est
1435 799 1645 844 verissima,
1669 799 1723 836 sic
1751 806 1808 836 est

464 868 853 918 compendiosissima
873 875 909 905 et
931 868 1131 906 utilissima
1162 875 1199 906 et
1233 870 1331 906 miro
1362 870 1483 907 modo
1519 870 1615 907 sicut
1645 870 1809 907 includit

465 941 503 977 in
532 952 572 978 se
603 940 789 977 sciencias
819 941 947 978 trivias
977 947 1014 977 et
1045 941 1332 987 sermocinales,
1364 941 1509 979 scilicet
1539 942 1807 990 gramaticam,

462 1013 643 1061 logicam,
660 1019 696 1049 et
717 1012 962 1058 rhetoricam,
981 1013 1035 1050 sic
1056 1012 1216 1049 includit
1238 1012 1425 1050 sciencias
1447 1013 1665 1063 quadrivias
1686 1014 1807 1051 reales
1825 1026 1864 1048 10

461 1084 605 1121 scilicet
651 1084 946 1129 arismetricam,
986 1084 1190 1129 musicam,
1230 1084 1511 1133 geometricam
1551 1091 1589 1122 et
1628 1092 1807 1123 astrono-

460 1157 591 1202 miam,
624 1156 670 1193 de
711 1163 858 1205 quanto
898 1156 1049 1193 illarum
1089 1156 1232 1194 noticia
1262 1156 1417 1205 expedit
1448 1156 1497 1193 ad
1526 1157 1808 1195 beatitudinem

462 1227 755 1277 adquirendam.
814 1227 864 1264 Et
886 1227 939 1265 sic
970 1227 1136 1264 mirabili
1166 1227 1516 1276 compendiositate
1542 1234 1654 1266 autor
1685 1229 1806 1278 scrip-

462 1308 556 1346 ture,
591 1299 739 1336 docens
770 1298 971 1348 quomodo
1006 1306 1043 1336 et
1076 1299 1122 1335 de
1155 1299 1296 1348 quibus
1336 1299 1463 1337 clerici
1493 1299 1637 1337 debent
1666 1301 1804 1345 vivere,

463 1372 578 1410 docet
599 1371 832 1408 sufficienter
853 1371 893 1407 in
913 1383 993 1420 quo
1014 1383 1176 1408 numero
1198 1378 1235 1408 et
1266 1383 1343 1420 qua
1374 1372 1633 1421 proporcione
1665 1371 1807 1409 debent
1823 1386 1860 1417 15

462 1445 511 1482 ad
536 1443 736 1481 residuum
757 1442 892 1492 populi
915 1455 954 1479 se
976 1442 1127 1480 habere.
1188 1442 1227 1479 Si
1258 1443 1362 1480 enim
1393 1456 1474 1480 non
1505 1443 1693 1480 haberent
1723 1443 1808 1480 red—

461 1516 573 1561 ditus,
595 1515 653 1552 vel
679 1514 728 1551 ad
753 1514 923 1552 officium
946 1514 1054 1564 quod
1075 1515 1238 1563 pertinet
1265 1514 1369 1552 clero
1398 1514 1551 1560 Christi,
1573 1527 1654 1552 non
1681 1515 1807 1553 forent

458 1588 498 1624 in
519 1593 628 1624 tanto
650 1598 814 1623 numero
835 1592 871 1623 et
892 1592 969 1622 tam
993 1587 1148 1623 onerosi
1169 1586 1332 1623 ecclesie
1353 1592 1395 1622 ut
1421 1593 1510 1623 sunt
1530 1586 1662 1624 modo.
1708 1586 1806 1623 Ideo

459 1665 665 1708 peccatum
705 1657 866 1694 ecclesie
906 1658 1025 1706 exigit
1063 1664 1104 1694 ut
1145 1657 1278 1694 dotent
1318 1658 1402 1694 illos
1442 1664 1478 1694 et
1515 1658 1635 1695 ditent
1670 1665 1806 1695 contra

458 1731 586 1780 legem
626 1729 876 1774 dominicam,
908 1736 949 1765 ut
988 1735 1045 1766 tot
1084 1729 1237 1767 discolis
1273 1736 1464 1767 oneretur.
1524 1728 1657 1767 Servet
1692 1729 1806 1779 igitur
1823 1745 1862 1767 20

459 1803 601 1851 duplex
624 1813 712 1850 pars
734 1800 895 1838 ecclesie
917 1801 1044 1850 legem
1062 1801 1204 1838 Christi
1225 1801 1263 1837 in
1286 1801 1374 1838 cleri
1393 1801 1598 1839 dotacione
1620 1808 1657 1838 et
1678 1802 1745 1838 erit
1766 1802 1805 1838 in

460 1887 529 1912 suo
565 1886 728 1910 nurnero
767 1879 1007 1910 mensurato.
1065 1873 1116 1910 Et
1155 1879 1260 1922 patet
1292 1872 1399 1921 quod
1435 1873 1678 1910 adversarius
1709 1873 1806 1923 legis

459 1947 520 1983 dei
556 1945 695 1983 defecit
729 1945 768 1981 in
804 1945 875 1981 ista
908 1944 1026 1981 tercia
1066 1945 1235 1989 racione,
1271 1945 1360 1993 quia
1401 1944 1510 1982 sicud
1550 1945 1675 1982 clerus
1715 1956 1804 1994 pro-

458 2018 646 2068 porcione
668 2016 797 2053 debita
818 2016 965 2053 sincere
988 2028 1156 2065 sequens
1179 2016 1377 2054 Christum
1400 2016 1599 2064 prodesset
1630 2017 1805 2062 ecclesie,

463 2091 518 2127 sic
557 2096 714 2126 vocatus
762 2088 885 2125 clerus
931 2087 1172 2125 condicionis
1216 2088 1408 2136 opposite,
1455 2095 1805 2138 quantumcunque
1822 2107 1860 2138 25

461 2168 732 2199 monstruosus
752 2159 874 2206 fuerit,
897 2159 1106 2196 viatoribus
1130 2158 1229 2196 foret
1252 2159 1272 2181 ³<
1295 2159 1521 2204 contrarius,
1545 2160 1633 2209 quia
1663 2160 1710 2197 de
1734 2160 1805 2197 illis
1821 2170 1863 2198 D.
1883 2170 1931 2198 80
1942 2169 1977 2198 b.

457 2234 717 2271 verificaretur
738 2232 885 2268 dictum
906 2231 1113 2280 sapientis;
1139 2232 1334 2268 stallorum
1357 2232 1527 2280 mfim'lus
1547 2237 1599 2268 esl
1616 2245 1802 2270 numerus.
1819 2233 1909 2264 Eccl.
1926 2233 1947 2266 i·
1969 2242 2019 2274 15.

458 2306 507 2343 Et
550 2305 626 2342 hoc
668 2304 871 2341 metricum
916 2303 963 2340 de
1013 2303 1114 2341 bello
1154 2303 1293 2340 clavo:
1346 2303 1549 2340 ‘Tersites
1598 2316 1804 2341 numerum

460 2378 601 2422 ‘auxit,
642 2388 723 2413 non
762 2376 859 2413 vires
903 2375 1009 2412 auxit
1049 2374 1231 2412 Achivis.'
1292 2374 1501 2412 Intendant
1545 2388 1638 2425 ergo
1677 2376 1804 2414 clerici

457 2449 541 2486 aliis
576 2448 720 2485 artibus
759 2446 1011 2491 mechanicis,
1043 2446 1108 2494 qui
1139 2445 1272 2483 volunt
1308 2446 1408 2483 hanc
1444 2459 1594 2484 servare
1629 2448 1800 2496 regulam
1818 2461 1859 2491 30

456 2522 549 2572 Jesu
583 2519 733 2564 Christi,
767 2519 864 2556 sicut
898 2524 1063 2567 possunt
1095 2517 1194 2554 licite
1230 2517 1446 2555 secundum
1482 2518 1608 2567 legem
1641 2519 1801 2557 domini.

457 2593 507 2629 Et
528 2592 602 2629 hoc
623 2590 844 2628 evidencius
865 2589 992 2627 audeo
1020 2588 1222 2634 affirmare,
1244 2589 1351 2637 quod
1380 2589 1476 2626 soret
1507 2590 1561 2627 eis
1582 2591 1721 2635 utilius,
1744 2592 1801 2628 vel

457 2665 563 2701 aliter
582 2663 712 2700 minus
734 2662 891 2706 malum,
914 2661 1004 2710 quia
1032 2660 1078 2697 de
1100 2672 1263 2697 numero
1291 2660 1421 2697 talium
1451 2661 1800 2700 scanclalisancium

503 2791 533 2820 4.
560 2779 740 2816 humiliter,
753 2789 815 2808 om.
833 2786 864 2815 C,
878 2785 912 2808 D.
1000 2778 1029 2807 8.
1050 2776 1144 2813 sicut,
1163 2784 1194 2814 C,
1210 2784 1243 2806 Ι).
1291 2777 1348 2814 sic,
1368 2776 1412 2807 13¹.
1501 2786 1550 2808 11.
1575 2780 1799 2819 geometriam,

458 2841 540 2871 C,1›.
614 2841 662 2872 19.
687 2831 814 2867 dotent,
829 2839 869 2868 ος
894 2830 1025 2867 docent,
1040 2828 1094 2867 13¹3
1117 2829 1234 2866 (litent,
1247 2836 1285 2864 (’;
1309 2829 1426 2866 dicent,
1444 2829 1486 2861 ΕΙ.
1560 2841 1608 2862 20.
1634 2832 1744 2869 servit,

462 2895 510 2917 22.
538 2888 734 2922 mensurata,
753 2890 783 2922 C,
799 2890 833 2914 Ι).
928 2882 977 2913 28.
1004 2886 1046 2920 et,
1065 2889 1096 2917 C,
1112 2888 1155 2919 1),
1181 2881 1224 2920 in,
1245 2880 1287 2912 13¹.
1335 2881 1472 2921 tersites,
1490 2890 1530 2922 c;
1554 2882 1692 2922 sersitcs,
1711 2884 1754 2916 13¹.
