2095 3381
247 188 297 227 16
763 196 1023 228 SPECULUM
1056 195 1290 228 ECCLESIE
1324 196 1628 228 MILITANTIS.

523 322 603 352 tam
643 315 735 352 dure
774 315 995 365 reprobavit
1034 315 1109 353 hoc
1149 323 1354 365 peccatum
1394 316 1434 352 in
1474 316 1740 354 sacerdotibus
1771 316 1868 366 legis

524 387 672 432 veteris,
694 387 893 436 quomodo
919 388 1162 426 sacerdotem
1186 388 1283 437 legis
1306 389 1436 438 gracie
1464 401 1563 427 nove
1593 396 1723 426 movet
1743 389 1868 427 redire

242 468 349 507 Priegtss
362 477 409 494 are
423 477 499 494 more
524 458 574 495 ad
595 458 739 496 dictam
753 459 962 497 avariciam
984 460 1082 497 sicut
1099 460 1206 497 canis
1222 459 1318 497 redit
1339 459 1388 497 ad
1405 460 1620 498 vomitum?
1659 459 1748 510 Jam
1762 461 1867 498 enim

241 512 399 529 aval'lClOUS
414 511 477 529 DOW

240 537 310 563 than
324 546 396 563 ever.
523 531 610 580 plus
631 530 800 568 ditantur
821 538 859 568 et
879 531 1091 580 gloriantur
1120 531 1158 568 in
1184 531 1317 569 seculo
1339 531 1465 568 elerici
1486 538 1523 568 et
1542 531 1717 580 precipui
1739 543 1867 569 sacer-

523 601 634 640 dotes
674 614 793 651 quam
833 601 1054 640 ditabantur
1092 602 1151 639 vel
1190 602 1455 651 gloriabantur
1493 603 1533 639 in
1567 602 1699 640 seculo
1742 603 1866 641 scribe
1885 616 1903 648 5

521 673 689 723 pharisei
709 674 768 711 vel
788 674 983 724 principes
1006 674 1267 712 sacerdotum.
1326 673 1433 720 Ideo,
1456 685 1546 711 curn
1567 680 1675 712 tanta
1697 674 1743 712 sit
1763 675 1869 713 racio

522 745 834 795 perpetuacionis
855 745 969 796 hujus
990 745 1085 795 legis
1104 745 1246 783 Christi
1267 753 1308 783 ut
1321 752 1427 795 patet
1447 746 1496 783 de
1517 752 1616 783 statu
1636 746 1869 784 innocencie

239 825 333 850 There
347 824 370 850 is
383 824 448 850 thus
462 824 510 850 the
523 823 562 853 et
583 823 683 854 statu
703 817 835 866 glorie,
858 824 966 867 patet
987 817 1092 867 quod
1121 819 1193 855 ista
1222 817 1284 855 lex
1315 816 1454 855 Christi
1485 817 1598 855 debet
1627 818 1810 867 precipue
1830 818 1870 855 in

238 865 364 891 greatest
377 859 449 884 need

239 893 476 959 ἒξῖὲξξξέἒζνυῗὲ
523 888 741 926 novissimis
770 889 1011 938 temporibus
1050 889 1246 927 observari
1257 901 1267 936 ;
1310 896 1402 926 tunc
1431 889 1537 926 enim
1567 889 1744 927 diabolus
1783 889 1870 939 plus

239 961 273 986 be
287 961 433 987 observed·
523 966 688 1009 temptat
707 960 887 998 homines
908 960 958 998 ad
985 961 1202 998 avariciam.
1263 960 1359 999 Ideo
1386 967 1443 998 est
1463 961 1586 1010 magis
1607 961 1870 998 necessarium
1888 972 1928 996 10

522 1033 562 1069 in
595 1032 712 1078 clero,
745 1032 810 1081 qui
839 1032 954 1070 debet
982 1045 1066 1070 esse
1096 1033 1300 1083 speculum
1332 1033 1479 1083 populi,
1515 1046 1714 1083 apponere
1748 1033 1872 1071 medi-

523 1105 665 1142 cinam.
726 1103 814 1151 Que
842 1117 936 1154 ergo
957 1105 1073 1149 racio,
1097 1117 1188 1143 cum
1212 1105 1329 1143 hodie
1355 1112 1507 1143 tantum
1527 1106 1747 1144 dominatur
1765 1106 1870 1156 cupi-

523 1176 623 1214 ditas
653 1188 773 1226 quare
795 1175 937 1214 Christi
958 1177 1162 1226 pauperies
1183 1183 1334 1214 tanturn
1355 1177 1581 1226 deprimitur
1600 1184 1640 1215 et
1660 1177 1872 1216 antichristi

523 1248 649 1285 rabies
663 1255 815 1285 tantum
832 1248 1054 1286 extollitur?
1099 1248 1305 1297 Numquid
1321 1249 1427 1287 racio
1445 1249 1658 1287 concordat
1671 1249 1777 1298 quod
1798 1249 1871 1287 hec

237 1325 467 1385 llgstcffisetesclgfr
479 1330 509 1351 to
522 1320 585 1357 lex
608 1319 749 1357 Christi
769 1320 809 1356 in
828 1320 984 1357 racione
1000 1320 1215 1369 exemplari
1231 1327 1363 1358 eterna
1383 1320 1429 1358 sit
1444 1334 1513 1370 per
1533 1327 1725 1359 trecentos
1746 1332 1871 1359 annos
1888 1334 1926 1367 15

237 1393 503 1454 {grriiessssffgrtigveffl
522 1391 798 1430 tantummodo
819 1392 1023 1430 observata
1043 1398 1080 1430 et
1099 1391 1162 1429 lex
1184 1392 1474 1430 antichristiana
1500 1394 1691 1431 contraria
1712 1393 1752 1430 in
1773 1400 1871 1431 tem-

237 1473 433 1540 {53²3}ssssss
447 1472 504 1499 this
521 1465 683 1514 poribus
714 1471 794 1502 tam
825 1464 1051 1513 periculosis
1082 1464 1128 1501 sit
1155 1471 1392 1514 perpetuata.
1451 1465 1563 1502 Idem
1593 1466 1698 1503 enim
1728 1472 1786 1503 est
1816 1466 1870 1503 sic

238 1541 428 1602 {ffligtabove
522 1537 650 1574 dicere
677 1544 715 1574 et
743 1536 927 1574 extollere
958 1536 1158 1574 diabolum
1189 1548 1305 1586 supra
1336 1536 1547 1582 Christum,
1570 1550 1616 1574 ac
1648 1537 1678 1574 si
1707 1537 1871 1575 infidelis

522 1615 710 1646 annueret
730 1608 837 1657 quod
858 1608 920 1645 lex
953 1607 1094 1645 Christi
1122 1614 1203 1645 tam
1234 1608 1453 1646 necessaria
1476 1615 1513 1646 et
1535 1608 1697 1646 salubris
1720 1609 1872 1646 durabit

521 1680 571 1717 ad
593 1679 730 1718 horam
761 1681 832 1717 sub
863 1680 993 1718 colore
1016 1678 1034 1699 '¹‘
1058 1680 1175 1717 divini
1205 1680 1448 1729 beneplaciti,
1471 1680 1539 1718 sed
1567 1680 1628 1718 lex
1657 1680 1872 1718 antichristi
1887 1693 1927 1716 20
1945 1686 1983 1716 C.
1998 1686 2064 1717 5a.

521 1752 639 1802 plena
686 1765 840 1791 veneno
886 1759 1001 1801 atque
1040 1752 1238 1790 mortifera
1277 1752 1388 1790 duret
1426 1759 1616 1802 perpetuo
1651 1760 1693 1790 ut
1731 1753 1872 1791 excitet

521 1825 701 1862 homines
730 1825 781 1862 ad
810 1824 1066 1874 peccandum.
1127 1824 1204 1862 Sed
1234 1823 1322 1873 quis
1353 1824 1594 1862 Christianus
1624 1825 1740 1863 talem
1770 1825 1871 1863 blas-

522 1896 668 1934 femam
683 1896 1047 1946 responsiunculam
1062 1896 1279 1934 tolleraret?
1304 1895 1322 1916 *
1345 1896 1517 1934 Ulterius
1534 1897 1641 1934 novit
1658 1897 1872 1936 catholicus
1931 1904 1973 1934 B.
1986 1903 2010 1933 4
2021 1913 2052 1935 c.

239 1974 333 2000 There
346 1983 393 1999 are
407 1979 464 1999 two
523 1968 724 2017 quomodo
746 1975 835 2005 sunt
856 1968 930 2005 due
961 1968 1187 2006 diviciarum
1217 1969 1421 2016 maneries,
1444 1969 1588 2007 scilicet
1613 1969 1749 2007 divicie
1770 1976 1868 2007 tem-

239 2014 312 2034 sorts
325 2009 357 2034 of
366 2008 467 2038 riches,

239 2042 497 2108 ffigtffssffissn‘sshich
523 2041 676 2091 porales
711 2047 749 2078 et
781 2041 916 2078 divicie
951 2040 1113 2078 celestes
1147 2047 1184 2078 et
1214 2041 1439 2090 spirituales.
1498 2041 1549 2079 Et
1578 2042 1701 2091 prime
1737 2041 1869 2079 divicie
1888 2053 1927 2085 25

239 2116 297 2137 ⁵0¹ss
309 2110 341 2137 1¹¹
354 2111 494 2143 '‘Ogethe‘·
524 2114 585 2151 vix
612 2126 704 2152 cum
724 2113 925 2150 virtutibus
950 2112 1149 2150 moderate
1180 2113 1327 2151 ducunt
1348 2113 1397 2150 ad
1418 2113 1580 2152 celestes
1601 2114 1771 2159 divicias,
1794 2126 1869 2163 que

525 2193 613 2224 sunt
638 2199 737 2233 vere,
759 2185 806 2223 de
833 2186 973 2235 quibus
999 2185 1167 2234 loquitur
1193 2185 1391 2236 apostolus
1416 2185 1558 2224 Christi
1586 2198 1713 2236 supra.
1772 2186 1868 2225 Ideo

524 2258 687 2296 haberes
728 2257 1016 2295 conscienciam
1066 2270 1181 2306 super
1219 2257 1291 2295 ista
1329 2257 1483 2306 loquela
1530 2258 1712 2305 heretica,
1751 2270 1869 2308 quam

239 2336 287 2395 ἐξ
298 2340 498 2401 {cgrssffissnffin
523 2331 650 2367 innuis
672 2342 787 2379 super
808 2329 884 2366 fide
906 2329 1092 2378 scripture
1110 2329 1285 2378 apostoli.
1345 2329 1511 2379 Oportet
1531 2331 1635 2367 enim
1656 2343 1725 2380 per
1746 2343 1870 2380 pena-

238 2402 473 2470 {Zggglvgmthe
523 2402 669 2439 litatem
700 2408 737 2439 et
768 2401 993 2450 pauperiem
1031 2400 1091 2438 hic
1123 2401 1162 2438 in
1192 2401 1251 2438 via
1280 2402 1416 2439 mereri
1445 2401 1605 2440 celestes
1638 2402 1797 2440 divicias
1832 2408 1868 2440 et
1885 2414 1926 2445 30

524 2473 802 2512 beatitudinem
822 2474 860 2510 in
883 2473 1017 2522 patria.

572 2594 600 2616 2.
627 2584 824 2622 sacerdotes,
851 2591 883 2622 B,
910 2583 951 2622 13¹,
980 2591 1011 2615 C.
1102 2594 1199 2620 nove,
1216 2595 1278 2616 0772.
1305 2592 1336 2623 Β,
1355 2583 1400 2624 ΒῙ,
1426 2592 1457 2616 C.
1549 2589 1706 2624 moveret,
1725 2593 1755 2621 Β,
1774 2584 1819 2623 13¹,
1837 2592 1867 2617 C.

525 2647 554 2677 3.
581 2637 716 2672 dictam,
733 2647 795 2667 om.
821 2644 854 2674 Β,
874 2636 916 2674 El,
938 2644 968 2668 C.
1061 2648 1092 2677 4.
1118 2637 1239 2675 clerici,
1267 2648 1328 2668 om.
1355 2645 1386 2676 Β,
1405 2636 1448 2675 Β“,
1469 2645 1499 2668 C.
1607 2637 1637 2669 6.
1663 2642 1694 2668 et
1712 2637 1868 2678 pharisei,

524 2697 556 2728 Β,
575 2689 618 2721 13¹.
675 2689 766 2720 racio
783 2689 834 2726 sit,
853 2689 922 2721 ord.
941 2689 1012 2721 inv.
1032 2696 1063 2728 B,
1082 2689 1126 2728 13¹,
1146 2698 1176 2721 C.
1272 2690 1321 2721 18.
1348 2689 1464 2725 fidelis,
1475 2695 1540 2731 pro
1556 2689 1710 2729 infidelis,
1726 2698 1758 2728 B,
1774 2689 1819 2729 13¹,
1834 2698 1866 2722 C.

525 2751 575 2783 24.
602 2742 675 2776 due,
691 2752 752 2773 om.
771 2748 803 2780 Β,
822 2741 865 2780 Β“,
884 2749 915 2773 C.
963 2746 1046 2778 sunt,
1064 2742 1165 2779 enim,
1181 2746 1245 2783 pro
1262 2742 1398 2782 seilicet,
1417 2750 1449 2783 B,
1467 2750 1506 2779 c;
1531 2743 1688 2774 sedenim
1711 2743 1755 2774 al.
1774 2753 1867 2774 man.

524 2802 555 2825 Β.
614 2798 689 2825 sunt
707 2804 790 2825 corr.
807 2804 848 2825 ex
864 2793 1002 2833 scilicet,
1022 2801 1051 2825 Β.
