2095 3381
512 211 769 243 SPECULUM
804 210 1032 242 ECCLESIE
1067 210 1374 241 MILITANTIS.
1835 199 1888 250 69

277 325 352 362 vita
377 327 590 375 apostolica
620 334 677 364 est
700 327 785 376 plus
810 339 832 363 a
862 326 1036 363 fidelibus
1065 325 1299 362 attendenda
1329 337 1445 374 quam
1475 335 1611 362 omnes
1623 330 1889 396 tlgguttksseghsszffiple

276 396 349 434 vite
383 398 658 446 episcoporum
693 398 851 434 divitum
882 397 937 434 vel
968 396 1058 434 cleri
1089 396 1252 442 alterius,
1283 396 1371 433 licet
1402 395 1872 445 sompniati&gamag-mose

1623 438 1832 458 canonisations

276 466 413 504 fuerint
434 480 537 505 nunc
559 469 597 505 in
618 469 850 506 beatitudine
878 468 1067 504 residere:
1101 467 1195 504 fides
1225 467 1329 504 enim
1358 466 1481 512 docet,
1505 466 1609 515 quod
1622 466 1848 532 ffirsghggggebly

276 538 441 588 apostoli
474 551 665 588 pauperes
698 546 785 577 sunt
825 539 937 584 beati,
975 538 1042 575 sed
1076 550 1156 575 non
1189 537 1303 575 docet
1332 537 1422 574 illud
1453 537 1499 574 de
1530 538 1610 575 istis

243 608 462 655 5divitibus,
505 609 572 646 sed
614 610 750 658 pocius
789 609 904 647 docet
943 609 1111 657 practice
1147 608 1254 657 quod
1294 608 1610 645 canonisaciones

55 689 97 718 B.
116 688 160 718 18
173 688 208 719 d.
274 680 434 717 istorum
465 692 551 717 care
581 693 652 729 pro
682 680 849 729 pecunia
877 685 985 716 erant
1016 686 1157 727 empte.
1218 678 1334 715 Iudas
1355 679 1469 724 enim,
1494 691 1610 727 quem

47 1934 126 1965 119.

275 750 450 788 Christus
471 758 584 788 vocat
604 751 724 788 filium
746 750 991 800 perdicionis,
1018 750 1144 787 adhuc
1173 750 1213 786 in
1244 750 1318 786 fine
1340 749 1411 786 vite
1434 761 1501 786 sue
1522 761 1610 797 pro-

273 821 360 858 iecit
380 828 584 871 argenteos
597 828 633 859 et
650 822 714 867 sic,
729 822 817 859 licet
830 821 1056 870 desperavit,
1072 821 1163 857 abiit
1177 821 1268 857 satis
1285 832 1431 869 pauper
1445 833 1454 866 ;
1478 819 1611 856 fratres

274 899 403 929 autem
424 892 598 930 videntur
619 905 797 941 superare
821 891 1010 936 Scarioth,
1032 904 1079 929 eo
1101 892 1207 941 quod
1234 892 1421 929 incollunt
1451 903 1611 928 manen-

203 969 350 1002 ..10tem
373 963 574 1010 civitatem,
596 976 640 1001 ac
672 964 703 1000 si
733 963 780 1000 de
810 963 939 1000 celesti
968 962 1178 999 Ierusalem
1210 962 1469 1011 desperarent,
1493 969 1530 999 et
1557 962 1611 999 sic

273 1041 430 1072 vocatas
452 1034 683 1072 elemosinas
712 1034 839 1071 statim
869 1034 1164 1082 inpossibilitant
1195 1040 1233 1070 ut
1262 1034 1390 1071 iuvent
1420 1045 1611 1083 pauperes
1624 1044 1822 1110 Ξῖἒξὶἷὲξςὼε

273 1105 331 1142 vel
351 1113 694 1155 quantumcunque
716 1106 848 1142 fratres
869 1105 1179 1153 derelinquerant
1199 1106 1248 1142 ab
1269 1105 1610 1142 elemosinantibus
1621 1113 1789 1171 ssnghgiv-en
1804 1114 1880 1139 them

1652 1156 1664 1171 r
1711 1156 1853 1179 epooron

272 1182 511 1222 revocentur,
548 1188 636 1213 cum
672 1183 798 1225 preter
827 1176 1163 1225 exemplacionem
1194 1176 1336 1213 Christi
1366 1176 1510 1213 faciunt
1540 1176 1610 1213 sibi
1623 1181 1893 1247 {ggpgtffgguild-

1653 1229 1694 1246 ενδ,

273 1246 446 1283 basilicas
481 1254 727 1295 sumptuosas
760 1254 796 1283 et
828 1253 1037 1295 procurant
1066 1247 1274 1296 ypocritice
1305 1246 1410 1295 quod
1449 1246 1610 1284 maiores
1623 1249 1883 1308 {ffissgfflgdffhtgmbe

220 1336 257 1367 15
272 1318 420 1356 domini
447 1325 484 1355 et
505 1317 662 1356 domin'e
689 1318 729 1355 in
759 1330 893 1356 eorum
924 1318 1082 1355 basilica
1113 1319 1186 1354 sint
1216 1318 1372 1364 humati,
1396 1325 1438 1355 ut
1468 1317 1527 1354 vel
1558 1318 1610 1355 sic
1623 1312 1880 1381 Ξῇοῗζέξίοὲξξῑῑῑῆθ

271 1389 519 1438 perpetuacio
539 1388 793 1427 habitacionis
813 1389 887 1427 loci
909 1390 966 1426 sui
987 1390 1027 1426 in
1048 1389 1154 1426 terris
1174 1401 1244 1438 per
1264 1389 1424 1426 istorum
1442 1388 1610 1437 sepulto·
1623 1383 1822 1443 {ffltssflesoen‘

270 1472 356 1496 rum
376 1461 603 1509 progeniem
633 1460 898 1497 defendantur.
949 1460 1034 1497 Nec
1060 1460 1222 1497 dubium
1243 1461 1337 1510 quin
1358 1460 1493 1497 melius
1513 1460 1610 1498 foret

271 1531 343 1569 hiis
364 1532 523 1569 mortuis
543 1532 582 1568 in
603 1544 742 1581 campo
764 1532 862 1569 inter
882 1532 1023 1569 bestias
1045 1531 1207 1580 sepeliri.

709 1820 1060 1860 1CAP1TULUM
1091 1820 1170 1870 310.

216 1943 256 1964 20
324 1926 586 1965 MENDACIUM.
645 1927 722 1964 Sed
744 1927 872 1965 adhuc
893 1927 1076 1976 arguitur,
1095 1927 1124 1964 si
1146 1926 1270 1965 clerus
1292 1927 1344 1965 sic
1365 1926 1478 1965 debet
1500 1927 1608 1965 dese·
1621 1941 1720 1967 Mend.
1738 1941 1865 1975 objects:

267 2011 350 2036 rere
383 2010 451 2035 sua
483 1998 666 2044 dominia,
695 2005 786 2035 tunc
823 1999 909 2048 ipso
943 2005 1128 2036 renuente
1164 1999 1280 2047 gratis
1312 1999 1397 2048 ipsa
1431 1999 1608 2036 deserere

267 2069 383 2107 debet
412 2070 510 2119 cogi.
573 2069 648 2107 Sed
679 2069 753 2108 hoc
784 2082 865 2107 non
895 2076 1022 2120 potest
1052 2070 1280 2119 contingere
1311 2083 1379 2119 per
1408 2070 1606 2108 brachium
1620 2085 1879 2118 Theseculararm

267 2142 438 2179 seculare
459 2154 550 2179 cum
571 2142 695 2178 clerus
718 2142 764 2179 sit
785 2143 985 2191 potencior
1006 2149 1043 2179 et
1064 2142 1135 2179 ista
1162 2142 1370 2191 temptacio
1401 2142 1514 2179 nimis
1544 2155 1606 2179 ec·
1620 2125 1864 2213 2}31i]{}ftfgrigrce

1620 2194 1629 2212 t
1653 2197 1667 2213 e
1677 2196 1690 2212 c
1704 2197 1773 2220 ergy
1784 2194 1812 2213 to
1823 2196 1888 2220 give

267 2213 424 2251 clesiam
445 2214 694 2262 perturbaret.
740 2213 823 2250 Nec
845 2213 920 2250 hoc
938 2220 1064 2262 potest
1080 2213 1304 2262 contingere
1321 2226 1389 2262 per
1405 2213 1606 2251 brachium
1620 2221 1744 2280 ffifffisr
1757 2222 1820 2280 exig-d
1841 2255 1888 2280 the

214 2301 252 2332 ²5
268 2284 472 2334 spirituale,
514 2296 604 2322 curn
639 2297 753 2333 papa,
795 2285 1088 2334 potentissimus
1120 2285 1300 2322 secularis
1331 2286 1524 2332 dominus,
1558 2286 1606 2322 ad
1620 2289 1888 2349 {Zffitiasinslffirssto

266 2356 492 2406 oppositum
522 2362 579 2393 est
605 2356 766 2404 juratus,
788 2363 824 2393 et
855 2357 911 2393 sui
943 2356 1084 2393 subditi
1109 2357 1149 2393 in
1169 2356 1243 2394 isto
1264 2357 1381 2405 gratis
1403 2357 1472 2394 sibi
1493 2357 1605 2394 resis-

265 2433 397 2465 terent.
454 2426 504 2464 Et
525 2428 774 2464 confirmatur
801 2439 848 2464 ex
879 2427 953 2465 hoc
984 2428 1090 2476 quod
1119 2439 1221 2477 papa
1251 2440 1296 2465 ex
1327 2429 1605 2466 universalitate

313 2547 339 2568 1.
364 2542 420 2569 att.
439 2548 459 2568 a
474 2537 543 2575 fid„
562 2537 631 2569 ord.
650 2538 720 2569 inv.
739 2546 769 2570 C.
874 2547 902 2577 3.
929 2549 962 2569 se
977 2549 1072 2574 nunc⁷
1091 2547 1122 2570 C.
1213 2550 1245 2581 4.
1271 2540 1444 2581 istud,pr0
1460 2540 1554 2579 illud,
1573 2548 1604 2571 C.

267 2599 297 2630 5.
323 2589 474 2620 fidelibus
490 2591 581 2628 sicut,
593 2594 658 2630 pro
675 2589 834 2621 divitibus
847 2590 912 2628 sed,
933 2599 964 2622 C.
1033 2590 1129 2622 docet
1147 2592 1273 2632 pocius,
1290 2593 1358 2623 ord.
1376 2593 1447 2624 inv.
1465 2600 1494 2623 C.
1574 2593 1603 2623 8.

267 2642 493 2684 desperaverit,
513 2650 544 2673 Β.
666 2652 696 2683 9.
721 2643 868 2673 incolunt
884 2642 948 2681 hie,
968 2651 999 2682 Β,
1014 2651 1045 2673 C.
1162 2652 1211 2675 11.
1235 2644 1388 2682 viverent,
1401 2649 1465 2685 pro
1482 2645 1603 2681 iuvent,

268 2703 308 2730 c;
333 2694 443 2725 iuvent
461 2704 545 2726 corr.
559 2694 603 2726 al.
618 2705 708 2725 man.
723 2705 763 2725 ex
776 2695 931 2733 viverent,
944 2703 974 2726 Β.
1046 2704 1058 2725 1
1069 2704 1096 2726 2.
1120 2695 1334 2737 deliquerant,
1355 2704 1386 2728 Β.
1459 2706 1509 2737 15.
1534 2708 1603 2736 sua,

263 2751 325 2787 pro
341 2756 463 2784 eorum,
481 2754 512 2779 B.
605 2752 655 2787 17.
679 2746 879 2785 defendatur,
899 2755 929 2786 B,
945 2755 976 2778 C.

542 2824 550 2843 ¹
576 2824 655 2857 Hoc
671 2824 854 2866 capitulum
871 2825 903 2856 in
921 2825 1032 2857 ceteris
1048 2826 1217 2858 codicibus
1234 2826 1332 2859 deest.
