2095 3381
892 758 1431 814 EPILOGUS.

547 941 710 979 RESTAT
742 939 904 977 finaliter
925 939 1182 988 perstringere
1204 943 1325 975 totam
1355 935 1469 972 istam
1501 931 1743 970 sentenciam
1764 932 1836 969 sub

492 1013 665 1063 quodam
686 1011 852 1061 epilogo,
874 1016 916 1048 ut
936 1010 1023 1060 plus
1045 1010 1187 1047 clareat
1209 1008 1259 1046 ad
1279 1008 1470 1045 honorem
1493 1005 1554 1043 dei
1576 1011 1613 1043 et
1633 1004 1836 1041 utilitatem

207 1096 418 1163 cclffgsshgfiffid
492 1084 593 1129 cleri,
615 1096 683 1133 per
704 1094 950 1132 consequens
974 1081 1100 1119 tocius
1129 1080 1291 1118 ecclesie
1319 1077 1528 1115 militantis.
1587 1075 1834 1113 Intendimus

207 1164 428 1231 ssgssssssffisseffi,
431 1196 480 1223 rist
493 1157 608 1202 enim,
635 1155 741 1204 quod
771 1155 843 1192 hec
874 1153 1047 1199 ecclesia,
1070 1159 1106 1190 et
1137 1151 1353 1201 specialiter
1385 1149 1519 1195 clerus,
1541 1149 1581 1185 in
1611 1153 1836 1197 paupertate
1852 1162 1870 1195 5

206 1232 352 1258 ordained-
494 1227 658 1265 honesta
679 1225 897 1263 secundum
917 1224 1102 1262 ducatum
1123 1223 1271 1261 domini
1300 1221 1493 1271 reguletur
1514 1220 1563 1257 ad
1584 1219 1690 1269 quod
1711 1219 1839 1269 requi-

494 1300 585 1336 ritur
602 1298 819 1335 secundum
835 1296 1125 1346 providenciam
1142 1293 1402 1332 ordinacionis
1418 1292 1514 1342 legis
1531 1291 1684 1329 Christi.
1718 1289 1841 1337 Quod

207 1378 474 1438 assnoghcffiisstssgnents
494 1370 696 1408 renunciet
727 1368 890 1405 finaliter
911 1367 1084 1406 dominio
1116 1366 1289 1412 seculari,
1311 1371 1417 1415 patet
1438 1377 1486 1401 ex
1517 1362 1741 1401 testimonio
1771 1361 1842 1399 du-

207 1446 474 1512 ξὲἓῗῖἑὲἰίἶιτῑξξω
495 1443 586 1492 plici
616 1448 653 1479 et
682 1439 1006 1489 interpretacione
1048 1437 1202 1483 Christi,
1232 1443 1311 1474 tam
1341 1437 1416 1473 vita
1452 1448 1570 1485 quam
1599 1435 1732 1480 verbo,
1764 1446 1841 1483 que

207 1514 473 1573 gznnffffigffeffllar
497 1513 769 1563 interpretacio
799 1524 871 1549 nec
903 1516 1030 1560 potest
1060 1510 1201 1547 directe
1231 1508 1361 1546 fallere
1382 1520 1510 1557 neque
1532 1507 1621 1544 falli.
1671 1505 1898 1555 Argucie10

499 1592 629 1623 autem
659 1596 733 1633 que
763 1583 858 1620 fiunt
892 1582 932 1619 in
967 1581 1191 1631 oppositum
1221 1593 1302 1618 non
1333 1579 1458 1617 forent
1498 1579 1614 1628 digne
1653 1577 1842 1615 memoria

207 1669 238 1728 {t
252 1669 400 1728 1⁵5³*quss
409 1668 470 1727 thfat
498 1657 570 1694 nisi
610 1661 769 1706 propter
808 1653 1004 1691 infidelem
1043 1652 1313 1702 ignoranciam
1353 1657 1591 1689 cecatorum.
1656 1649 1841 1699 Arguitur

211 1709 601 1803 {ffjsessffisffaveenim
646 1726 904 1764 communiter
947 1724 1054 1775 quod
1099 1723 1245 1761 domini
1290 1722 1525 1773 temporales
1564 1728 1842 1759 concesserunt

279 1780 406 1803 ncergy

210 1805 303 1842 ample
318 1813 426 1842 posses·
498 1800 614 1845 clero,
633 1798 682 1836 ad
699 1797 758 1835 sui
783 1797 801 1816 *
823 1803 860 1834 et
881 1796 1177 1846 progenitorum
1199 1807 1357 1833 suorum
1377 1795 1558 1832 meritum
1578 1800 1615 1831 et
1636 1794 1841 1839 honorem,
1856 1797 1912 1830 B1.
1931 1799 1998 1829 161
2010 1799 2047 1830 b.

211 1848 286 1864 Sions
301 1844 329 1864 to
342 1838 435 1864 which

211 1871 394 1938 ξξξξῑὲῑὲξξ
498 1870 650 1920 amplos
672 1869 843 1907 redditus
865 1867 1111 1918 temporales,
1134 1873 1170 1905 et
1191 1867 1313 1905 clerus
1336 1873 1416 1904 erat
1437 1866 1477 1903 in
1498 1866 1747 1916 possessione
1769 1878 1841 1916 pro
1859 1878 1898 1911 15

211 1939 410 1999 ΡΤΓζζξζΡξῇζξζ
499 1950 675 1992 tempore
706 1941 804 1978 infra
834 1940 942 1990 quod
974 1940 1089 1977 currit
1118 1939 1367 1989 prescripcio.
1431 1935 1597 1990 [Nemo]
1629 1951 1724 1987 ergo
1755 1938 1842 1975 diri-

212 2008 307 2033 would
320 2008 385 2032 hurt
399 2007 468 2033 both

213 2041 286 2067 dead
300 2042 357 2066 and
371 2041 467 2073 living,

212 2075 432 2141 {ffffiegggffie
447 2075 479 2101 Os
501 2086 711 2123 minoraret
738 2084 901 2122 salutem
932 2090 1012 2121 tam
1042 2083 1246 2121 animabus
1269 2083 1362 2120 vivis
1384 2094 1502 2133 quam
1532 2082 1704 2128 mortuis,
1726 2094 1845 2132 quam

499 2020 619 2051 meret
652 2012 670 2032 *
702 2013 760 2050 vel
799 2012 1086 2049 machinaretur
1126 2011 1305 2048 dirimere
1345 2010 1439 2047 illud
1478 2010 1627 2048 donum
1666 2010 1740 2048 nisi
1779 2010 1844 2061 qui
1858 2015 1901 2044 D.
1917 2017 1962 2048 77
1977 2015 2012 2047 d.

502 2157 626 2195 eciam
665 2156 962 2206 prosperitatem
1002 2161 1039 2192 et
1078 2167 1218 2204 pacem
1257 2166 1478 2204 regnorum.
1538 2153 1615 2192 Sed
1645 2154 1731 2204 quis
1769 2153 1845 2192 hoc

500 2229 665 2266 intendit
695 2228 768 2265 nisi
799 2227 910 2264 fuerit
940 2226 1212 2264 antichristus?
1272 2225 1477 2272 Quantum
1508 2225 1556 2262 ad
1586 2226 1700 2263 istam
1730 2238 1844 2275 argu·
1862 2240 1902 2261 20

214 2301 463 2328 Affiwer-itcan-
501 2301 602 2339 ciam
642 2300 788 2337 dictum
826 2305 883 2336 est
922 2311 1012 2347 sepe
1053 2297 1159 2347 quod
1199 2297 1337 2334 militat
1376 2297 1537 2335 dirrecte
1577 2309 1647 2346 pro
1689 2297 1845 2334 veritate

214 2342 262 2361 not
276 2336 358 2368 profit
372 2337 447 2361 souls
459 2341 487 2362 to

215 2369 467 2430 ffirspjfigss-tetheir
501 2372 692 2410 catholica
723 2370 953 2420 supradicta,
977 2382 1067 2407 cum
1097 2369 1201 2407 racio
1232 2375 1347 2418 capta
1373 2382 1420 2406 ex
1451 2368 1527 2406 fide
1557 2374 1716 2406 testatur
1737 2368 1846 2418 quod

502 2456 606 2482 error
629 2442 843 2481 contrarius
864 2442 939 2491 legi
957 2441 1028 2488 dei,
1048 2447 1258 2490 temptatus
1278 2453 1347 2490 per
1367 2441 1636 2490 progenitores
1657 2447 1693 2477 et
1714 2440 1845 2478 defen-

504 2522 608 2553 satus
640 2527 708 2564 per
739 2513 973 2563 superstites,
1006 2513 1130 2550 neutri
1171 2512 1269 2561 parti
1304 2512 1458 2562 proficit
1490 2512 1539 2549 ad
1572 2511 1745 2558 salutem,
1777 2513 1846 2550 sed

504 2587 623 2625 officit
661 2585 860 2635 gravando
892 2591 1109 2634 peccatum,
1143 2590 1180 2621 et
1216 2583 1432 2633 specialiter
1472 2595 1550 2632 quo
1593 2584 1643 2620 ad
1684 2584 1845 2621 salutem
1863 2595 1901 2627 25

545 2719 575 2749 4.
601 2712 632 2739 et
650 2718 717 2749 per,
736 2715 768 2745 C,
783 2714 817 2737 D.
925 2714 973 2737 10.
998 2705 1201 2746 ducem,pro
1218 2704 1349 2743 directe,
1364 2713 1394 2737 C.
1501 2714 1550 2737 11.
1575 2704 1770 2744 formantur,
1782 2710 1848 2747 pro

499 2760 591 2797 finnt,
610 2769 644 2791 D.
769 2758 817 2789 16.
843 2759 965 2795 Nemo,
982 2768 1043 2788 om.
1063 2756 1108 2796 13¹,
1123 2766 1154 2795 C,
1170 2765 1206 2788 D.
1325 2757 1530 2795 diminueret,
1541 2762 1605 2798 pro
1621 2757 1798 2796 dirimeret,
1816 2765 1848 2790 C.

503 2820 550 2854 17.
575 2812 764 2849 diminuere,
776 2816 841 2852 pro
859 2811 1020 2848 dirimere,
1039 2818 1069 2841 C.
1159 2809 1430 2850 dominium,pr0
1448 2809 1583 2850 donum,
1602 2817 1634 2849 c,
1647 2817 1680 2842 D.
1798 2821 1846 2843 20.

499 2865 658 2904 intendet,
675 2872 707 2903 C,
723 2872 757 2896 D.
