2095 3381
177 261 231 304 90
697 253 959 286 SPECULUM
994 251 1226 284 ECCLESIE
1261 250 1568 282 MILITANTIS.

176 384 320 411 Astothe
334 391 397 409 con·
463 371 570 421 quod
606 377 757 420 oportet
790 370 891 407 hanc
923 381 1109 419 magnam
1142 375 1288 406 cartam
1329 380 1421 405 sane
1460 367 1683 416 intelligere.
1759 367 1812 403 Et

176 418 366 444 firmations—

176 451 450 518 }})0³„¹1}gt‘{‚³1{hma
464 443 549 481 licet
574 455 654 480 non
680 443 915 480 intendimus
942 454 1013 479 nec
1041 441 1252 478 sufficimus
1281 440 1383 477 hanc
1414 446 1560 477 cartam
1585 451 1633 476 ex
1661 438 1810 487 integro

177 520 318 546 defended
332 518 398 556 {¹³st
466 515 673 552 defendere
694 521 882 564 tanquam
904 513 1034 558 fidem,
1060 525 1150 550 cum
1170 524 1291 549 unum
1320 524 1368 548 ex
1398 511 1473 548 fide
1495 511 1682 560 capimus,
1704 509 1812 559 quod

176 554 293 579 accords
306 553 374 577 with

178 587 373 617 Chrisst’sslawv
389 586 449 616 bun
464 598 544 623 non
565 585 674 630 valet,
696 598 768 622 nec
791 585 933 622 servari
957 585 1080 629 debet,
1103 583 1173 621 nisi
1196 583 1243 620 de
1264 589 1411 633 quanto
1429 588 1620 619 consonat
1641 581 1717 630 legi
1738 580 1812 625 dei,

178 620 451 654 rightlyconstrued,

178 656 236 721 {1251
239 653 425 714 ξῖἑξῑὲῖξθξὴξ
464 657 555 706 quia
575 657 683 694 aliter
702 656 800 694 foret
821 656 1011 693 contraria
1033 655 1132 700 fidei,
1156 654 1264 703 quod
1285 653 1413 691 omnis
1435 653 1559 690 fidelis
1584 651 1698 689 debet
1718 651 1812 688 hor·
1827 655 1845 688 5

179 723 330 755 privileges
343 722 375 747 of

177 756 322 789 following
337 755 440 782 Christ.
464 741 558 766 rere.
638 727 714 765 Sed
754 728 844 776 quia
884 734 1059 764 nostrum
1099 738 1180 763 non
1220 732 1277 763 est
1316 725 1410 761 illud
1450 736 1684 773 supponere,
1724 722 1813 759 ideo

464 812 673 850 possumus
695 812 833 837 sanum
853 799 1088 836 intellectum
1111 809 1329 847 supponere
1353 795 1370 815 ³¹⁴
1393 796 1483 833 huic
1505 801 1608 832 carte
1631 801 1668 832 et
1688 794 1814 844 ipsam
1829 796 1866 826 C·
1884 795 1932 825 26
1945 795 1983 825 b.

464 873 513 911 ad
535 879 713 910 nostrum
737 872 984 921 propositum
1015 877 1246 920 retorquere.
1305 868 1399 906 Non
1420 868 1524 905 enim
1556 867 1814 916 supponimus

464 944 570 995 quod
600 944 639 981 in
670 951 775 981 carta
805 943 978 992 predicta
1008 949 1193 981 vocentur
1217 941 1417 990 privilegia
1447 939 1539 977 cleri
1568 938 1709 988 Anglie
1740 950 1815 988 que

465 1024 554 1055 sunt
588 1016 638 1053 ad
673 1016 949 1053 detrimentum
984 1015 1065 1052 eius
1105 1013 1298 1051 contraria
1338 1012 1414 1062 legi
1449 1011 1603 1057 Christi,
1635 1010 1727 1060 quia
1761 1010 1872 1047 siC10

464 1089 590 1127 forent
630 1087 831 1137 privilegia
870 1086 1075 1124 abolenda.
1153 1085 1255 1122 Cum
1295 1085 1410 1133 igitur
1454 1082 1632 1121 Christus
1681 1089 1719 1119 et
1758 1081 1816 1119 sui

465 1159 632 1209 apostoli
651 1159 868 1196 habuerunt
889 1171 911 1196 a
931 1159 1005 1195 deo
1027 1157 1099 1195 hec
1121 1156 1320 1206 privilegia
1337 1154 1443 1205 quod
1460 1155 1587 1192 vivant
1603 1165 1818 1203 pauperem

465 1233 584 1269 vitam
614 1239 651 1269 et
686 1231 874 1268 humilem
905 1242 994 1268 cum
1026 1230 1109 1266 aliis
1136 1227 1458 1278 promoventibus
1489 1227 1538 1263 ad
1564 1225 1666 1263 hanc
1687 1225 1817 1271 vitam,

466 1304 565 1341 absit
587 1304 627 1340 in
648 1303 720 1339 ista
748 1308 852 1339 carta
883 1301 1075 1350 solempni
1106 1312 1340 1350 supponere,
1366 1299 1472 1349 quod
1503 1298 1609 1343 deus,
1643 1297 1818 1335 concitor

467 1377 560 1420 eius,
582 1375 700 1412 voluit
721 1375 761 1411 in
781 1374 853 1412 hac
876 1380 980 1411 carta
1002 1373 1201 1423 privilegia
1222 1372 1415 1410 contraria
1436 1371 1517 1408 istis
1539 1369 1709 1419 intelligi.
1768 1369 1818 1406 Et
1834 1384 1873 1417 15

468 1459 559 1484 cum
580 1459 648 1483 rex
670 1453 708 1484 et
737 1458 903 1495 regnum
934 1445 1046 1482 iurati
1075 1450 1163 1481 sunt
1195 1444 1244 1481 ad
1265 1455 1425 1481 sensum
1448 1442 1685 1480 catholicum
1705 1441 1818 1478 huius

469 1518 613 1563 carthe‚
646 1518 791 1555 videtur
820 1517 927 1567 quod
956 1530 1004 1554 ex
1039 1517 1074 1553 vi
1101 1515 1306 1553 iuramenti
1339 1515 1394 1552 sui
1426 1520 1606 1551 tenentur
1629 1512 1648 1532 *
1671 1512 1818 1550 dictum
1833 1519 1877 1548 D.
1895 1519 1941 1550 '79
1957 1526 1988 1547 a.

468 1602 629 1627 sensum
652 1590 733 1627 eius
766 1589 999 1627 catholicum
1022 1588 1242 1634 defendere,
1265 1594 1301 1625 et
1323 1587 1377 1624 sic
1399 1586 1471 1623 hec
1493 1585 1693 1623 evidencia
1724 1584 1820 1622 redit

468 1662 518 1700 ad
558 1674 716 1699 sensum
749 1661 985 1699 catholicum
1017 1672 1134 1710 quem
1166 1673 1215 1697 ex
1246 1659 1321 1696 fide
1352 1658 1539 1707 scripture
1568 1657 1818 1695 intendimus.

472 1733 617 1784 Caysas
639 1734 743 1771 enim
771 1733 905 1771 dicens
927 1733 1034 1782 quod
1064 1732 1220 1782 expedit
1249 1743 1373 1768 unum
1403 1730 1606 1768 hominem
1627 1729 1727 1767 mori
1748 1741 1821 1779 pro
1837 1739 1878 1762 20

186 1820 436 1848 Afasthfulinter-
472 1805 620 1855 populo
655 1805 878 1854 ignoranter
915 1805 1112 1842 salubrem
1153 1803 1393 1842 sentenciam
1430 1801 1685 1851 prophetavit.
1758 1800 1821 1838 Sic

186 1855 327 1889 pretation
341 1855 373 1881 of
383 1855 431 1880 the

186 1889 464 1955 gssffiigrtriveossigrgy
475 1884 604 1915 autem
628 1877 775 1914 videtur
797 1876 1032 1926 quibusdam
1053 1875 1173 1925 quod,
1198 1875 1291 1912 dum
1317 1874 1381 1911 illa
1403 1880 1508 1911 carta
1527 1873 1641 1911 fuerit
1663 1872 1824 1910 fideliter

186 1958 358 2018 ἑῖἑὲεΠ-Ξῗτε
369 1956 464 1983 Christ
477 1956 664 1995 assecuta,
685 1961 733 1985 ex
749 1948 831 1986 eius
854 1947 956 1985 fideli
977 1947 1175 1985 sentencia
1193 1947 1317 1984 clerus
1330 1946 1472 1995 Anglie
1493 1945 1591 1983 foret
1612 1944 1662 1982 ad
1681 1950 1823 1982 statum

476 2033 594 2072 quem
625 2020 800 2058 Christus
830 2020 991 2057 instituit
1022 2019 1229 2057 restitutus.
1287 2017 1373 2055 Nec
1403 2018 1510 2054 aliter
1540 2016 1688 2054 videtur
1717 2016 1825 2066 quod

473 2106 541 2131 rex
581 2099 618 2130 et
657 2093 739 2130 eius
779 2103 960 2141 proceres
1007 2103 1098 2128 cum
1133 2091 1211 2128 suis
1252 2089 1447 2139 episcopis
1490 2089 1698 2127 evaderent
1737 2101 1822 2139 per—
1840 2101 1879 2133 ²5

473 2166 614 2202 iurium
635 2165 674 2201 in
695 2164 769 2202 hac
790 2170 908 2213 parte.
950 2162 1000 2200 Et
1022 2162 1273 2200 conformiter
1289 2162 1429 2199 dicitur
1445 2161 1553 2211 quod
1572 2160 1824 2209 intelligende

473 2243 562 2274 sunt
593 2235 1031 2274 excommunicaciones
1063 2234 1101 2271 in
1134 2234 1197 2271 illa
1228 2234 1399 2271 materia.
1467 2232 1630 2270 Infidele
1665 2232 1825 2282 quidem

474 2309 571 2346 foret
591 2315 736 2345 vertere
764 2308 803 2344 in
833 2307 907 2344 hac
934 2313 1039 2344 carta
1063 2306 1375 2356 significaciones
1405 2306 1660 2343 terminorum
1690 2311 1826 2341 contra

475 2381 676 2418 veritatem
716 2391 852 2417 sensus
893 2379 1092 2428 scripture,
1128 2378 1306 2416 vocando
1347 2390 1483 2427 pravas
1526 2378 1632 2426 leges
1673 2377 1826 2426 privile-

475 2453 540 2501 gia
572 2451 590 2471 '¹‘
623 2464 698 2501 que
730 2451 883 2500 privant
914 2450 1061 2488 clerum
1092 2450 1139 2487 de
1180 2450 1313 2499 gracia
1344 2456 1380 2487 et
1414 2448 1600 2486 inducunt
1629 2448 1757 2498 ipsum
1787 2448 1825 2485 in
1842 2457 1884 2488 30

476 2523 690 2560 maximam
712 2523 943 2560 servitutem.
993 2521 1056 2558 Ad
1077 2521 1290 2558 secundam
1310 2520 1658 2558 confirmacionem
1679 2519 1827 2557 dictum

477 2602 534 2632 est
555 2595 683 2643 sepius
708 2593 815 2644 quod
846 2594 899 2630 sic
931 2605 1099 2642 arguens
1130 2592 1264 2630 similis
1295 2599 1351 2629 est
1381 2592 1497 2629 stulto
1527 2591 1749 2640 desperanti
1780 2591 1828 2628 de

478 2678 547 2703 sua
577 2678 706 2711 causa,
737 2665 923 2702 lambenti
953 2676 1097 2713 aquam
1129 2664 1336 2709 turbidam,
1359 2664 1526 2700 currenti
1547 2664 1586 2700 in
1606 2663 1827 2712 paludibus,

526 2786 552 2807 1.
577 2776 663 2808 Sane
679 2776 738 2807 int.
757 2801 763 2807 .
783 2800 789 2808 .
808 2801 815 2808 .
834 2775 921 2806 hanc
937 2779 1076 2813 cartam,
1093 2785 1155 2806 om.
1173 2782 1205 2805 C.
1321 2783 1350 2813 3.
1374 2773 1554 2812 defensare,
1573 2780 1604 2805 C.
1718 2782 1749 2814 9.
1773 2783 1828 2804 vo-

479 2833 565 2867 cent,
583 2837 615 2867 C,
630 2837 665 2860 D.
753 2828 803 2861 16.
829 2838 977 2869 regnum,
995 2836 1025 2866 C,
1045 2835 1068 2858 D
1084 2837 1090 2864 ;
1115 2826 1217 2868 regul,
1232 2825 1276 2857 13¹.
1363 2835 1414 2867 19.
1439 2826 1480 2861 in.
1496 2830 1559 2866 pro
1576 2825 1630 2863 ad,
1648 2833 1684 2855 D.
1779 2834 1829 2865 23.

479 2881 521 2912 ad
538 2885 673 2920 statum,
691 2889 722 2921 C,
738 2888 775 2913 D.
867 2889 918 2919 30.
943 2879 996 2911 vel
1013 2889 1131 2911 vocare
1150 2883 1257 2911 cartas
1275 2878 1357 2911 tales
1374 2877 1561 2920 plivilegia,
1579 2877 1653 2909 add.
1671 2884 1702 2917 C,
1718 2884 1754 2910 D.
