2095 3381
510 258 769 290 SPECULUM
803 255 1035 287 ECCLESIE
1069 253 1376 286 MILITANTIS.
1836 256 1885 297 9[

1620 365 1661 395 (ii)
1674 366 1713 391 As
1727 370 1755 391 to
1769 365 1816 390 the

1620 399 1733 425 witness
1746 399 1778 424 of
1791 399 1893 431 Saints,

1622 433 1642 458 it
1657 433 1679 458 is
1693 433 1797 458 absurd
1813 439 1841 458 to

1622 467 1708 498 reject
1722 466 1839 492 Christ's

1621 500 1664 526 for
1678 500 1771 526 theirs.

276 377 341 413 ubi
361 381 491 425 posset
514 375 658 412 facilius
681 374 727 411 de
749 373 854 410 fonte
875 373 958 409 vivo
980 372 1110 409 bibere
1140 383 1280 419 aquam
1311 370 1465 414 claram,
1488 368 1606 406 modo

276 459 353 495 quo
385 447 549 496 loquitur
570 445 757 495 propheta
786 445 873 481 huic
904 443 1104 493 proposito
1135 442 1376 490 pertinenter.
1435 441 1608 478 Consue-

277 517 371 554 tudo
393 523 522 553 autem
548 516 688 554 Christi
719 521 775 552 est
806 514 1057 563 infringibilis,
1079 525 1229 550 summe
1251 512 1438 549 facilitatis
1462 518 1499 548 et
1520 524 1609 548 auc-

278 588 447 633 toritatis,
477 594 514 624 et
543 594 630 636 post
661 587 787 635 ipsum
819 585 1087 634 apostolorum
1117 583 1357 621 consuetudo
1388 595 1544 620 currens
1574 582 1613 618 in

246 659 392 699 solaris
425 658 553 695 rivulis
586 659 634 694 ab
665 657 739 694 hoc
772 656 888 694 fonte.
948 655 1024 692 Sed
1059 655 1161 703 ipsas
1194 654 1329 691 stultus
1356 654 1416 691 hic
1448 666 1615 702 arguens

279 730 432 766 dimittit
449 736 485 766 et
505 729 608 777 capit
630 734 797 765 remotas
814 726 1111 764 consuetudines
1131 732 1318 774 tanquam
1338 737 1460 774 aquas
1477 725 1612 762 stacio-

279 801 405 837 narias
454 812 501 837 ex
550 800 630 836 luto
670 805 707 835 et
745 798 882 835 ardore
922 804 1165 834 terrenorum
1204 796 1374 833 infectas.
1442 796 1492 833 Et
1532 795 1616 832 talis

282 871 498 907 secundum
521 869 737 907 doctrinam
759 868 946 917 prophete
968 874 1025 904 est
1051 867 1164 904 nimis
1186 867 1331 913 stultus,
1355 867 1555 916 negligens
1576 866 1615 902 in

279 941 350 979 hiis
371 953 445 990 que
467 946 706 978 concernunt
728 939 887 976 salutem
910 939 1047 976 anime.
1106 938 1205 984 Quis
1234 950 1327 986 ergo
1355 938 1500 974 dubitat
1521 937 1614 986 quin

226 1013 364 1050 10talis
403 1018 538 1061 peccat
586 1023 666 1048 non
714 1010 958 1048 mediocriter
1000 1009 1065 1059 qui
1105 1009 1258 1046 dimittit
1296 1008 1615 1046 consuetudinem

60 1089 104 1118 D.
122 1088 167 1120 79
180 1088 215 1117 b.
281 1095 431 1121 summe
460 1082 694 1119 autenticam
729 1082 749 1104 ²¹<
782 1087 819 1118 et
849 1081 1043 1117 salubrem
1077 1086 1114 1117 et
1146 1080 1316 1117 innititur
1345 1079 1616 1117 consuetudini

279 1161 456 1204 corrupte
479 1153 722 1192 condicionis
743 1153 946 1197 contrarie,
968 1152 1060 1189 dum
1092 1152 1262 1201 priorem
1292 1151 1616 1189 consuetudinem

278 1226 425 1264 facilius
456 1226 627 1262 securius
656 1231 693 1261 et
724 1224 861 1261 melius
894 1230 1026 1272 posset
1055 1223 1261 1272 accipere?
1319 1223 1366 1259 In
1396 1223 1458 1259 illa
1488 1229 1616 1259 autem

279 1297 443 1334 stulticia
472 1303 560 1333 sunt
590 1295 712 1332 taliter
741 1301 958 1344 arguenteS‚
979 1294 1070 1343 quia
1100 1294 1194 1330 dum
1223 1300 1390 1343 arguunt
1414 1306 1483 1342 per
1503 1305 1616 1341 argu-

227 1378 264 1410 15
279 1375 454 1406 mentum
484 1368 656 1416 topicum
686 1367 764 1404 sive
793 1366 1004 1416 probabile,
1027 1366 1202 1403 nesciunt
1232 1365 1262 1401 si
1292 1371 1492 1402 assumant
1522 1377 1617 1401 con-

61 1444 98 1474 C.
118 1443 162 1476 27
175 1452 206 1474 a.
281 1439 531 1477 swetudinem
555 1437 572 1456 ⁵⁵
595 1438 708 1474 huius
730 1437 885 1486 dyaboli
908 1449 979 1486 pro
1006 1436 1188 1485 exemplo
1205 1449 1214 1482 ;
1256 1436 1353 1473 sicut
1372 1436 1476 1472 enim
1498 1435 1614 1472 sacri·
1628 1438 1667 1463 As
1681 1437 1728 1462 the
1742 1436 1842 1469 priests
1855 1437 1887 1463 of

1628 1472 1676 1497 the
1690 1472 1745 1497 Old
1761 1472 1837 1502 Law,
1853 1480 1884 1496 so

281 1511 410 1548 ficium
426 1511 465 1546 in
481 1510 565 1558 lege
578 1510 690 1546 veteri
706 1521 728 1546 a
743 1515 915 1557 tempore
934 1508 1064 1557 Moysi
1078 1520 1200 1557 usque
1215 1506 1379 1556 Cayfam
1394 1513 1431 1544 et
1443 1507 1599 1543 Annam
1629 1506 1709 1531 “¹052
1718 1506 1747 1531 0f
1760 1505 1806 1530 the
1819 1505 1900 1537 News

1605 1538 1612 1552 '
1628 1539 1700 1564 have
1713 1548 1727 1564 c
1749 1538 1867 1564 ntinuall

280 1582 346 1630 qui
378 1581 574 1618 Christum
604 1580 835 1625 occiderant,
863 1580 932 1617 fuit
956 1579 1139 1617 continue
1160 1579 1199 1615 in
1226 1578 1399 1628 peiorari‚
1421 1579 1475 1615 sic
1502 1578 1618 1615 sacri·
1629 1548 1825 1599 detesigated·
1869 1547 1889 1570 y

280 1653 410 1690 ficium
431 1652 471 1689 in
491 1652 574 1701 lege
596 1652 723 1701 gracie
744 1664 767 1688 a
789 1651 943 1688 Christo
963 1657 1000 1688 et
1017 1650 1094 1687 suis
1115 1650 1297 1699 apostolis
1313 1662 1381 1698 per
1397 1649 1620 1698 cupidinem

227 1739 268 1760 20
281 1724 567 1761 mundanorum
597 1723 780 1760 continue
806 1722 874 1758 fuit
905 1722 1079 1767 debilius,
1102 1721 1155 1759 sic
1177 1721 1282 1771 quod
1312 1721 1427 1759 hodie
1456 1728 1621 1770 possunt

281 1795 502 1833 sacerdotes
532 1795 658 1831 dicere
688 1794 909 1831 evidencius
936 1792 1043 1842 quod
1074 1793 1357 1830 descenderunt
1384 1805 1407 1829 a
1431 1793 1620 1842 principio

280 1867 434 1916 generis
462 1865 684 1910 Scariothis‚
708 1865 773 1914 qui
804 1877 876 1914 pro
899 1870 970 1912 30a
991 1864 1182 1913 argenteis
1213 1864 1381 1901 vendidit
1412 1865 1620 1910 veritatem,

281 1950 399 1988 quam
420 1937 524 1986 quod
545 1936 787 1973 descendunt
807 1948 829 1972 a
849 1948 1021 1985 paupere
1051 1935 1211 1972 domino
1232 1935 1324 1985 Jesu
1345 1935 1510 1981 Christo,
1532 1937 1621 1986 quia

284 2009 492 2046 similitudo
513 2009 636 2045 maior
657 2007 730 2045 hoc
753 2007 895 2044 indicat
914 2019 997 2044 esse
1014 2019 1158 2044 verum.
1217 2006 1302 2044 Nos
1322 2013 1450 2045 autem
1470 2008 1621 2045 occidui

228 2098 266 2129 25
283 2080 522 2117 Machometi
544 2079 609 2128 qui
640 2090 773 2116 sumus
803 2078 917 2127 pauci
947 2078 1043 2115 inter
1073 2078 1202 2114 fideles
1233 2078 1404 2124 ecclesie,
1427 2079 1618 2116 credimus
1632 2087 1685 2111 We
1698 2092 1816 2112 western

1633 2120 1796 2146 Mahomets
1809 2119 1891 2147 think

284 2152 391 2201 quod
413 2151 461 2188 ad
482 2157 658 2188 nostrum
679 2149 862 2186 iudicium
890 2150 1082 2198 reguletur
1102 2156 1139 2187 et
1160 2150 1361 2187 contremit
1382 2156 1483 2188 totus
1504 2163 1617 2187 mun-
1631 2155 1835 2214 ffirg‘ffl‘ffffiffge

283 2224 365 2269 dus,
389 2235 478 2260 cum
498 2229 628 2259 tamen
649 2221 776 2270 plures
803 2226 892 2257 sunt
923 2221 1115 2269 sapientes
1137 2220 1254 2257 Greci
1274 2221 1333 2258 vel
1354 2220 1471 2270 longe
1492 2222 1619 2271 plures
1633 2222 1897 2288 Ξῗὲῑὲἃξξῑὲῗξὲἰς

62 2305 117 2338 131.
135 2306 205 2337 162
219 2315 249 2336 a,
285 2293 303 2313 *
326 2294 458 2331 fideles
480 2293 591 2338 Indii,
613 2293 678 2342 qui
699 2298 830 2329 tenent
859 2292 1180 2329 consuetudinem
1208 2292 1320 2329 nobis
1342 2294 1561 2342 oppositam
1581 2295 1620 2331 in
1633 2290 1847 2350 ffidoslefflcfffflffgm
1861 2322 1883 2349 is

283 2365 354 2403 hac
393 2371 512 2414 parte.
571 2364 666 2400 Ideo
706 2362 955 2400 conswetudo
985 2363 1044 2400 vel
1079 2363 1211 2412 opinio
1242 2362 1359 2400 nichil
1393 2365 1531 2413 probat
1562 2366 1621 2403 vel
1635 2358 1737 2385 better·

229 2453 270 2485 30
284 2437 406 2474 innuit
427 2436 497 2473 nisi
519 2436 566 2472 de
587 2441 733 2484 quanto
754 2434 913 2471 fundata
934 2434 1100 2471 fueritin
1117 2434 1396 2472 consuetudine
1413 2436 1623 2475 salvatoris.

285 2508 386 2546 Cum
406 2519 500 2556 ergo
523 2506 644 2544 nostri
665 2505 832 2550 occidui,
850 2512 1194 2554 quantumcunque
1216 2505 1347 2554 magni
1368 2506 1407 2543 in
1429 2508 1626 2556 sapiencia

284 2580 342 2617 vel
367 2579 567 2616 sanctitate
588 2577 724 2614 elevati
754 2576 903 2622 fuerint,
926 2589 1004 2614 non
1035 2577 1228 2625 attingunt
1258 2576 1297 2613 in
1326 2576 1400 2614 hoc
1431 2578 1480 2615 ad
1509 2579 1626 2617 fidem

285 2651 481 2699 scripture,
525 2648 584 2686 vel
631 2648 693 2685 vix
738 2648 931 2697 attingunt
979 2656 1251 2696 argumentum
1293 2649 1477 2699 topicum,
1521 2651 1627 2700 quod

284 2721 477 2770 sapienter
497 2719 645 2757 fuerant
676 2719 753 2756 sive
784 2718 917 2756 sancti.
985 2718 1087 2755 Cum
1113 2731 1206 2768 ergo
1228 2720 1267 2757 in
1289 2721 1396 2758 omni
1418 2733 1560 2770 genere
1582 2723 1627 2759 sit

333 2796 382 2828 16.
406 2797 513 2834 unius,
524 2800 587 2837 pro
604 2795 711 2834 huius,
729 2803 761 2833 C,
776 2803 810 2826 D.
901 2794 946 2832 Si,
958 2799 1021 2835 pro
1038 2795 1130 2833 sicut,
1149 2803 1181 2833 C,
1196 2804 1231 2828 D.
1354 2798 1401 2829 18.
1426 2798 1626 2836 occiderunt,

286 2857 317 2887 C,
336 2857 371 2880 D.
537 2857 587 2889 24.
612 2847 752 2885 occidui,
773 2854 817 2885 (ῖς
842 2846 1016 2883 occidium,
1037 2845 1091 2883 13¹3
1116 2847 1280 2887 occidunt,
1300 2856 1334 2881 D.
1499 2859 1551 2890 32.
1576 2849 1628 2881 vel

282 2906 356 2942 post
373 2900 482 2940 fidem,
502 2900 576 2932 add.
596 2899 641 2932 13¹.
780 2908 829 2940 34.
856 2897 978 2939 fit,pr0
994 2898 1046 2939 sit,
1065 2898 1109 2930 13¹.
