<?xml version="1.0" encoding="UTF-8"?>
<!DOCTYPE html PUBLIC "-//W3C//DTD XHTML 1.0 Transitional//EN"
    "http://www.w3.org/TR/xhtml1/DTD/xhtml1-transitional.dtd">
<html xmlns="http://www.w3.org/1999/xhtml" xml:lang="en" lang="en">
 <head>
  <title>
</title>
<meta http-equiv="Content-Type" content="text/html;charset=utf-8" />
  <meta name='ocr-system' content='tesseract 3.04.00' />
  <meta name='ocr-capabilities' content='ocr_page ocr_carea ocr_par ocr_line ocrx_word'/>
</head>
<body>
  <div class='ocr_page' id='page_1' title='image "./dialogussivespec00wycl_0090.png"; bbox 0 0 2095 3381; ppageno 0'>
   <div class='ocr_carea' id='block_1_1' title="bbox 212 995 455 1029">
    <p class='ocr_par' dir='ltr' id='par_1_1' title="bbox 212 995 455 1029">
     <span class='ocr_line' id='line_1_1' title="bbox 212 995 455 1029; baseline 0.008 -8"><span class='ocrx_word' id='word_1_1' title='bbox 212 995 310 1022; x_wconf 67' lang='lat' dir='ltr'><em>chnd.</em></span> <span class='ocrx_word' id='word_1_2' title='bbox 329 996 436 1029; x_wconf 82' lang='lat' dir='ltr'><strong>objects</strong></span> <span class='ocrx_word' id='word_1_3' title='bbox 449 1003 455 1023; x_wconf 84' lang='lat'>:</span> 
     </span>
    </p>
   </div>
   <div class='ocr_carea' id='block_1_2' title="bbox 210 1140 470 1274">
    <p class='ocr_par' dir='ltr' id='par_1_2' title="bbox 210 1140 470 1274">
     <span class='ocr_line' id='line_1_2' title="bbox 213 1140 426 1172; baseline 0 -7"><span class='ocrx_word' id='word_1_4' title='bbox 213 1140 289 1165; x_wconf 85' lang='lat' dir='ltr'><strong>How</strong></span> <span class='ocrx_word' id='word_1_5' title='bbox 303 1149 354 1166; x_wconf 88' lang='lat' dir='ltr'><strong>can</strong></span> <span class='ocrx_word' id='word_1_6' title='bbox 369 1148 426 1172; x_wconf 87' lang='lat' dir='ltr'><strong>you</strong></span> 
     </span>
     <span class='ocr_line' id='line_1_3' title="bbox 211 1174 470 1206; baseline 0.004 -7"><span class='ocrx_word' id='word_1_7' title='bbox 211 1183 296 1206; x_wconf 78' lang='lat' dir='ltr'><strong>prove</strong></span> <span class='ocrx_word' id='word_1_8' title='bbox 311 1174 372 1199; x_wconf 86' lang='lat' dir='ltr'><strong>that</strong></span> <span class='ocrx_word' id='word_1_9' title='bbox 388 1174 470 1206; x_wconf 82' lang='lat' dir='ltr'><strong>pious</strong></span> 
     </span>
     <span class='ocr_line' id='line_1_4' title="bbox 210 1208 407 1234; baseline 0.005 -1"><span class='ocrx_word' id='word_1_10' title='bbox 210 1208 345 1233; x_wconf 77' lang='lat' dir='ltr'>founders</span> <span class='ocrx_word' id='word_1_11' title='bbox 358 1208 407 1234; x_wconf 88' lang='lat' dir='ltr'><strong>did</strong></span> 
     </span>
     <span class='ocr_line' id='line_1_5' title="bbox 210 1242 364 1274; baseline 0 -7"><span class='ocrx_word' id='word_1_12' title='bbox 210 1242 364 1274; x_wconf 84' lang='lat' dir='ltr'><strong>foolishly?</strong></span> 
     </span>
    </p>
   </div>
   <div class='ocr_carea' id='block_1_3' title="bbox 209 1284 473 1452">
    <p class='ocr_par' dir='ltr' id='par_1_3' title="bbox 209 1284 473 1452">
     <span class='ocr_line' id='line_1_6' title="bbox 212 1284 449 1316; baseline 0.004 -8"><span class='ocrx_word' id='word_1_13' title='bbox 212 1284 321 1309; x_wconf 85' lang='lat' dir='ltr'><strong>Ifalms</strong></span> <span class='ocrx_word' id='word_1_14' title='bbox 336 1293 400 1316; x_wconf 81' lang='lat' dir='ltr'><strong>may</strong></span> <span class='ocrx_word' id='word_1_15' title='bbox 415 1284 449 1309; x_wconf 90' lang='lat' dir='ltr'><strong>be</strong></span> 
     </span>
     <span class='ocr_line' id='line_1_7' title="bbox 210 1317 452 1349; baseline 0.008 -8"><span class='ocrx_word' id='word_1_16' title='bbox 210 1317 293 1349; x_wconf 85' lang='lat' dir='ltr'><strong>given</strong></span> <span class='ocrx_word' id='word_1_17' title='bbox 309 1318 352 1343; x_wconf 88' lang='lat' dir='ltr'><strong>for</strong></span> <span class='ocrx_word' id='word_1_18' title='bbox 365 1328 381 1343; x_wconf 82' lang='lat' dir='ltr'><strong>a</strong></span> <span class='ocrx_word' id='word_1_19' title='bbox 394 1328 452 1344; x_wconf 84' lang='lat' dir='ltr'><strong>cer-</strong></span> 
     </span>
     <span class='ocr_line' id='line_1_8' title="bbox 210 1351 429 1384; baseline 0.009 -8"><span class='ocrx_word' id='word_1_20' title='bbox 210 1351 269 1376; x_wconf 81' lang='lat' dir='ltr'><strong>tain</strong></span> <span class='ocrx_word' id='word_1_21' title='bbox 284 1352 382 1384; x_wconf 79' lang='lat' dir='ltr'><strong>length</strong></span> <span class='ocrx_word' id='word_1_22' title='bbox 397 1353 429 1378; x_wconf 92' lang='lat' dir='ltr'><strong>of</strong></span> 
     </span>
     <span class='ocr_line' id='line_1_9' title="bbox 210 1385 473 1418; baseline 0.011 -8"><span class='ocrx_word' id='word_1_23' title='bbox 210 1385 287 1415; x_wconf 83' lang='lat' dir='ltr'><strong>time,</strong></span> <span class='ocrx_word' id='word_1_24' title='bbox 302 1386 367 1418; x_wconf 86' lang='lat' dir='ltr'><strong>why</strong></span> <span class='ocrx_word' id='word_1_25' title='bbox 381 1392 430 1412; x_wconf 86' lang='lat' dir='ltr'><strong>not</strong></span> <span class='ocrx_word' id='word_1_26' title='bbox 445 1386 473 1413; x_wconf 87' lang='lat' dir='ltr'><strong>in</strong></span> 
     </span>
     <span class='ocr_line' id='line_1_10' title="bbox 209 1419 391 1452; baseline 0.011 -8"><span class='ocrx_word' id='word_1_27' title='bbox 209 1419 391 1452; x_wconf 82' lang='lat' dir='ltr'><strong>perpetuity?</strong></span> 
     </span>
    </p>
   </div>
   <div class='ocr_carea' id='block_1_4' title="bbox 206 1571 464 1802">
    <p class='ocr_par' dir='ltr' id='par_1_4' title="bbox 206 1571 464 1802">
     <span class='ocr_line' id='line_1_11' title="bbox 208 1571 464 1605; baseline 0.008 -8"><span class='ocrx_word' id='word_1_28' title='bbox 208 1571 373 1605; x_wconf 80' lang='lat' dir='ltr'>Especially</span> <span class='ocrx_word' id='word_1_29' title='bbox 387 1572 464 1599; x_wconf 88' lang='lat' dir='ltr'><strong>since</strong></span> 
     </span>
     <span class='ocr_line' id='line_1_12' title="bbox 207 1606 449 1638; baseline 0.012 -8"><span class='ocrx_word' id='word_1_30' title='bbox 207 1606 286 1631; x_wconf 80' lang='lat' dir='ltr'><strong>these</strong></span> <span class='ocrx_word' id='word_1_31' title='bbox 301 1608 449 1638; x_wconf 83' lang='lat' dir='ltr'><strong>perpetual</strong></span> 
     </span>
     <span class='ocr_line' id='line_1_13' title="bbox 206 1640 449 1667; baseline 0.008 -2"><span class='ocrx_word' id='word_1_32' title='bbox 206 1640 277 1665; x_wconf 86' lang='lat' dir='ltr'><strong>alms</strong></span> <span class='ocrx_word' id='word_1_33' title='bbox 292 1640 364 1666; x_wconf 85' lang='lat' dir='ltr'><strong>have</strong></span> <span class='ocrx_word' id='word_1_34' title='bbox 378 1641 449 1667; x_wconf 85' lang='lat' dir='ltr'><strong>been</strong></span> 
     </span>
     <span class='ocr_line' id='line_1_14' title="bbox 206 1673 372 1706; baseline 0 -7"><span class='ocrx_word' id='word_1_35' title='bbox 206 1673 319 1699; x_wconf 84' lang='lat' dir='ltr'><strong>ratified</strong></span> <span class='ocrx_word' id='word_1_36' title='bbox 333 1674 372 1706; x_wconf 87' lang='lat' dir='ltr'><strong>by</strong></span> 
     </span>
     <span class='ocr_line' id='line_1_15' title="bbox 206 1707 453 1740; baseline 0.008 -8"><span class='ocrx_word' id='word_1_37' title='bbox 206 1707 325 1740; x_wconf 82' lang='lat' dir='ltr'>princes,</span> <span class='ocrx_word' id='word_1_38' title='bbox 341 1709 397 1734; x_wconf 80' lang='lat' dir='ltr'><strong>and</strong></span> <span class='ocrx_word' id='word_1_39' title='bbox 411 1708 453 1734; x_wconf 88' lang='lat' dir='ltr'><strong>till</strong></span> 
     </span>
     <span class='ocr_line' id='line_1_16' title="bbox 207 1751 368 1768; baseline 0.006 -1"><span class='ocrx_word' id='word_1_40' title='bbox 207 1751 270 1768; x_wconf 87' lang='lat' dir='ltr'><strong>now</strong></span> <span class='ocrx_word' id='word_1_41' title='bbox 284 1751 368 1768; x_wconf 84' lang='lat' dir='ltr'><strong>never</strong></span> 
     </span>
     <span class='ocr_line' id='line_1_17' title="bbox 206 1776 349 1802; baseline 0.007 -1"><span class='ocrx_word' id='word_1_42' title='bbox 206 1776 349 1802; x_wconf 84' lang='lat' dir='ltr'><strong>attacked.</strong></span> 
     </span>
    </p>
   </div>
   <div class='ocr_carea' id='block_1_5' title="bbox 210 1861 432 1888">
    <p class='ocr_par' dir='ltr' id='par_1_5' title="bbox 210 1861 432 1888">
     <span class='ocr_line' id='line_1_18' title="bbox 210 1861 432 1888; baseline 0.009 -2"><span class='ocrx_word' id='word_1_43' title='bbox 210 1861 274 1887; x_wconf 82' lang='lat' dir='ltr'><strong>Ver.</strong></span> <span class='ocrx_word' id='word_1_44' title='bbox 287 1870 411 1887; x_wconf 85' lang='lat' dir='ltr'><strong>answers</strong></span> <span class='ocrx_word' id='word_1_45' title='bbox 426 1869 432 1888; x_wconf 75' lang='lat' dir='ltr'><strong>t</strong></span> 
     </span>
    </p>
   </div>
   <div class='ocr_carea' id='block_1_6' title="bbox 206 2004 477 2169">
    <p class='ocr_par' dir='ltr' id='par_1_6' title="bbox 206 2004 477 2169">
     <span class='ocr_line' id='line_1_19' title="bbox 208 2004 429 2033; baseline 0.005 -2"><span class='ocrx_word' id='word_1_46' title='bbox 208 2004 303 2032; x_wconf 84' lang='lat' dir='ltr'><strong>Christ</strong></span> <span class='ocrx_word' id='word_1_47' title='bbox 318 2006 367 2033; x_wconf 87' lang='lat' dir='ltr'><strong>did</strong></span> <span class='ocrx_word' id='word_1_48' title='bbox 381 2011 429 2032; x_wconf 90' lang='lat' dir='ltr'><strong>not</strong></span> 
     </span>
     <span class='ocr_line' id='line_1_20' title="bbox 206 2041 477 2071; baseline 0.004 -6"><span class='ocrx_word' id='word_1_49' title='bbox 206 2041 295 2066; x_wconf 86' lang='lat' dir='ltr'>found</span> <span class='ocrx_word' id='word_1_50' title='bbox 309 2041 387 2066; x_wconf 85' lang='lat' dir='ltr'><strong>these</strong></span> <span class='ocrx_word' id='word_1_51' title='bbox 396 2041 477 2071; x_wconf 83' lang='lat' dir='ltr'><strong>ali-ns,</strong></span> 
     </span>
     <span class='ocr_line' id='line_1_21' title="bbox 207 2074 442 2100; baseline 0 0"><span class='ocrx_word' id='word_1_52' title='bbox 207 2074 257 2100; x_wconf 89' lang='lat' dir='ltr'><strong>but</strong></span> <span class='ocrx_word' id='word_1_53' title='bbox 271 2074 387 2100; x_wconf 87' lang='lat' dir='ltr'><strong>sorbade</strong></span> <span class='ocrx_word' id='word_1_54' title='bbox 405 2075 442 2100; x_wconf 88' lang='lat' dir='ltr'><strong>all</strong></span> 
     </span>
     <span class='ocr_line' id='line_1_22' title="bbox 208 2108 450 2141; baseline 0.008 -8"><span class='ocrx_word' id='word_1_55' title='bbox 208 2108 332 2141; x_wconf 82' lang='lat' dir='ltr'>thought</span> <span class='ocrx_word' id='word_1_56' title='bbox 346 2109 388 2135; x_wconf 85' lang='lat' dir='ltr'><strong>for</strong></span> <span class='ocrx_word' id='word_1_57' title='bbox 402 2109 450 2135; x_wconf 85' lang='lat' dir='ltr'><strong>the</strong></span> 
     </span>
     <span class='ocr_line' id='line_1_23' title="bbox 208 2151 336 2169; baseline 0.016 -2"><span class='ocrx_word' id='word_1_58' title='bbox 208 2151 336 2169; x_wconf 88' lang='lat' dir='ltr'><strong>morrow.</strong></span> 
     </span>
    </p>
   </div>
   <div class='ocr_carea' id='block_1_7' title="bbox 741 219 1611 255">
    <p class='ocr_par' dir='ltr' id='par_1_7' title="bbox 741 219 1611 255">
     <span class='ocr_line' id='line_1_24' title="bbox 741 219 1611 255; baseline 0.005 -4"><span class='ocrx_word' id='word_1_59' title='bbox 741 219 1000 252; x_wconf 81' lang='lat' dir='ltr'>SPECULUM</span> <span class='ocrx_word' id='word_1_60' title='bbox 1035 220 1267 253; x_wconf 88' lang='lat' dir='ltr'>ECCLESIE</span> <span class='ocrx_word' id='word_1_61' title='bbox 1302 221 1611 255; x_wconf 80' lang='lat' dir='ltr'><strong>MILITANTIS.</strong></span> 
     </span>
    </p>
   </div>
   <div class='ocr_carea' id='block_1_8' title="bbox 496 335 2047 604">
    <p class='ocr_par' dir='ltr' id='par_1_8' title="bbox 500 335 1847 389">
     <span class='ocr_line' id='line_1_25' title="bbox 500 335 1847 389; baseline 0.004 -16"><span class='ocrx_word' id='word_1_62' title='bbox 500 335 576 373; x_wconf 85' lang='lat' dir='ltr'><strong>Sed</strong></span> <span class='ocrx_word' id='word_1_63' title='bbox 607 336 745 373; x_wconf 80' lang='lat' dir='ltr'><strong>milites</strong></span> <span class='ocrx_word' id='word_1_64' title='bbox 768 336 909 374; x_wconf 82' lang='lat' dir='ltr'>Christi</span> <span class='ocrx_word' id='word_1_65' title='bbox 936 349 1018 374; x_wconf 93' lang='lat' dir='ltr'><strong>non</strong></span> <span class='ocrx_word' id='word_1_66' title='bbox 1047 337 1204 384; x_wconf 81' lang='lat' dir='ltr'><strong>audent,</strong></span> <span class='ocrx_word' id='word_1_67' title='bbox 1227 339 1325 376; x_wconf 90' lang='lat' dir='ltr'><strong>sicut</strong></span> <span class='ocrx_word' id='word_1_68' title='bbox 1351 346 1389 377; x_wconf 89' lang='lat' dir='ltr'><strong>et</strong></span> <span class='ocrx_word' id='word_1_69' title='bbox 1409 339 1481 389; x_wconf 87' lang='lat' dir='ltr'><strong>ipsi</strong></span> <span class='ocrx_word' id='word_1_70' title='bbox 1503 340 1647 378; x_wconf 90' lang='lat' dir='ltr'><strong>audent</strong></span> <span class='ocrx_word' id='word_1_71' title='bbox 1667 341 1705 377; x_wconf 88' lang='lat' dir='ltr'><strong>in</strong></span> <span class='ocrx_word' id='word_1_72' title='bbox 1728 352 1847 378; x_wconf 84' lang='lat' dir='ltr'><strong>causa</strong></span> 
     </span>
    </p>

    <p class='ocr_par' dir='ltr' id='par_1_9' title="bbox 496 407 2047 604">
     <span class='ocr_line' id='line_1_26' title="bbox 498 407 2005 458; baseline 0.001 -13"><span class='ocrx_word' id='word_1_73' title='bbox 498 407 641 445; x_wconf 87' lang='lat' dir='ltr'><strong>diaboli</strong></span> <span class='ocrx_word' id='word_1_74' title='bbox 661 408 719 444; x_wconf 79' lang='lat' dir='ltr'><strong>vel</strong></span> <span class='ocrx_word' id='word_1_75' title='bbox 741 408 871 445; x_wconf 86' lang='lat' dir='ltr'><strong>leviter</strong></span> <span class='ocrx_word' id='word_1_76' title='bbox 893 420 933 446; x_wconf 90' lang='lat' dir='ltr'><strong>se</strong></span> <span class='ocrx_word' id='word_1_77' title='bbox 947 421 1145 458; x_wconf 80' lang='lat' dir='ltr'><strong>exponere</strong></span> <span class='ocrx_word' id='word_1_78' title='bbox 1162 410 1333 458; x_wconf 91' lang='lat' dir='ltr'><strong>periculo</strong></span> <span class='ocrx_word' id='word_1_79' title='bbox 1353 411 1581 457; x_wconf 81' lang='lat' dir='ltr'><strong>imminenti,</strong></span> <span class='ocrx_word' id='word_1_80' title='bbox 1600 424 1716 449; x_wconf 87' lang='lat' dir='ltr'><strong>causa</strong></span> <span class='ocrx_word' id='word_1_81' title='bbox 1735 413 1754 435; x_wconf 73' lang='lat'><strong>’³‘</strong></span> <span class='ocrx_word' id='word_1_82' title='bbox 1773 413 1846 449; x_wconf 90' lang='lat' dir='ltr'><strong>im·</strong></span> <span class='ocrx_word' id='word_1_83' title='bbox 1860 417 1898 447; x_wconf 84' lang='lat' dir='ltr'><strong>C.</strong></span> <span class='ocrx_word' id='word_1_84' title='bbox 1915 418 1960 447; x_wconf 88' lang='lat'><strong>18</strong></span> <span class='ocrx_word' id='word_1_85' title='bbox 1973 426 2005 447; x_wconf 83' lang='lat' dir='ltr'><strong>a.</strong></span> 
     </span>
     <span class='ocr_line' id='line_1_27' title="bbox 496 480 1846 529; baseline 0.005 -14"><span class='ocrx_word' id='word_1_86' title='bbox 496 480 711 517; x_wconf 89' lang='lat' dir='ltr'><strong>mensitatis</strong></span> <span class='ocrx_word' id='word_1_87' title='bbox 732 480 922 517; x_wconf 82' lang='lat' dir='ltr'><strong>mercedis</strong></span> <span class='ocrx_word' id='word_1_88' title='bbox 950 487 1134 529; x_wconf 85' lang='lat' dir='ltr'><strong>perpetue</strong></span> <span class='ocrx_word' id='word_1_89' title='bbox 1167 481 1220 518; x_wconf 88' lang='lat' dir='ltr'><strong>sic</strong></span> <span class='ocrx_word' id='word_1_90' title='bbox 1251 483 1487 519; x_wconf 82' lang='lat' dir='ltr'><strong>certantibus</strong></span> <span class='ocrx_word' id='word_1_91' title='bbox 1518 483 1762 521; x_wconf 80' lang='lat' dir='ltr'><strong>infallibiliter</strong></span> <span class='ocrx_word' id='word_1_92' title='bbox 1788 497 1846 522; x_wconf 88' lang='lat' dir='ltr'><strong>re-</strong></span> 
     </span>
     <span class='ocr_line' id='line_1_28' title="bbox 497 551 2047 604; baseline 0.005 -17"><span class='ocrx_word' id='word_1_93' title='bbox 497 552 712 601; x_wconf 73' lang='lat' dir='ltr'><strong>promisse,</strong></span> <span class='ocrx_word' id='word_1_94' title='bbox 744 552 810 588; x_wconf 91' lang='lat' dir='ltr'><strong>ubi</strong></span> <span class='ocrx_word' id='word_1_95' title='bbox 836 564 917 589; x_wconf 89' lang='lat' dir='ltr'><strong>non</strong></span> <span class='ocrx_word' id='word_1_96' title='bbox 942 551 961 571; x_wconf 87' lang='lat'><strong>*</strong></span> <span class='ocrx_word' id='word_1_97' title='bbox 986 553 1151 590; x_wconf 88' lang='lat' dir='ltr'><strong>occurrit</strong></span> <span class='ocrx_word' id='word_1_98' title='bbox 1181 565 1299 590; x_wconf 87' lang='lat' dir='ltr'><strong>causa</strong></span> <span class='ocrx_word' id='word_1_99' title='bbox 1328 552 1346 572; x_wconf 77' lang='lat'><em>*</em></span> <span class='ocrx_word' id='word_1_100' title='bbox 1378 555 1512 604; x_wconf 88' lang='lat' dir='ltr'><strong>patula</strong></span> <span class='ocrx_word' id='word_1_101' title='bbox 1542 556 1615 593; x_wconf 89' lang='lat' dir='ltr'><strong>nisi</strong></span> <span class='ocrx_word' id='word_1_102' title='bbox 1644 556 1847 593; x_wconf 89' lang='lat' dir='ltr'><strong>infidelitas</strong></span> <span class='ocrx_word' id='word_1_103' title='bbox 1860 555 1916 588; x_wconf 85' lang='lat'>13¹.</span> <span class='ocrx_word' id='word_1_104' title='bbox 1932 559 2000 590; x_wconf 86' lang='grc'><strong>157</strong></span> <span class='ocrx_word' id='word_1_105' title='bbox 2012 558 2047 587; x_wconf 82' lang='lat' dir='ltr'><strong>d-</strong></span> 
     </span>
    </p>
   </div>
   <div class='ocr_carea' id='block_1_9' title="bbox 496 607 2013 675">
    <p class='ocr_par' dir='ltr' id='par_1_10' title="bbox 496 607 2013 675">
     <span class='ocr_line' id='line_1_29' title="bbox 496 607 2013 675; baseline -0.005 -15"><span class='ocrx_word' id='word_1_106' title='bbox 496 623 719 672; x_wconf 84' lang='lat' dir='ltr'><strong>germinans</strong></span> <span class='ocrx_word' id='word_1_107' title='bbox 741 635 858 673; x_wconf 89' lang='lat' dir='ltr'><strong>supra</strong></span> <span class='ocrx_word' id='word_1_108' title='bbox 879 623 997 661; x_wconf 88' lang='lat' dir='ltr'><strong>fidem</strong></span> <span class='ocrx_word' id='word_1_109' title='bbox 1017 624 1180 662; x_wconf 84' lang='lat' dir='ltr'><strong>ecclesie</strong></span> <span class='ocrx_word' id='word_1_110' title='bbox 1201 625 1419 675; x_wconf 86' lang='lat' dir='ltr'><strong>utrobique.</strong></span> <span class='ocrx_word' id='word_1_111' title='bbox 1860 607 1903 636; x_wconf 88' lang='lat' dir='ltr'><strong>B.</strong></span> <span class='ocrx_word' id='word_1_112' title='bbox 1921 608 1964 637; x_wconf 91' lang='lat'><strong>15</strong></span> <span class='ocrx_word' id='word_1_113' title='bbox 1979 608 2013 637; x_wconf 86' lang='lat' dir='ltr'><strong>d.</strong></span> 
     </span>
    </p>
   </div>
   <div class='ocr_carea' id='block_1_10' title="bbox 936 884 1404 925">
    <p class='ocr_par' dir='ltr' id='par_1_11' title="bbox 936 884 1404 925">
     <span class='ocr_line' id='line_1_30' title="bbox 936 884 1404 925; baseline 0.004 -3"><span class='ocrx_word' id='word_1_114' title='bbox 936 884 1267 923; x_wconf 87' lang='lat' dir='ltr'><strong>CAPITULUM</strong></span> <span class='ocrx_word' id='word_1_115' title='bbox 1310 899 1328 923; x_wconf 92' lang='lat'><strong>2</strong></span> <span class='ocrx_word' id='word_1_116' title='bbox 1337 888 1404 925; x_wconf 47' lang='lat' dir='ltr'><strong>gm-</strong></span> 
     </span>
    </p>
   </div>
   <div class='ocr_carea' id='block_1_11' title="bbox 490 989 1934 2698">
    <p class='ocr_par' dir='ltr' id='par_1_12' title="bbox 491 989 1934 1834">
     <span class='ocr_line' id='line_1_31' title="bbox 551 989 1846 1041; baseline 0.005 -15"><span class='ocrx_word' id='word_1_117' title='bbox 551 989 813 1029; x_wconf 82' lang='lat' dir='ltr'><strong>MENDACIUM.</strong></span> <span class='ocrx_word' id='word_1_118' title='bbox 872 989 1057 1029; x_wconf 87' lang='lat' dir='ltr'><strong>Moveres</strong></span> <span class='ocrx_word' id='word_1_119' title='bbox 1087 1004 1154 1041; x_wconf 91' lang='lat' dir='ltr'><strong>per</strong></span> <span class='ocrx_word' id='word_1_120' title='bbox 1185 999 1291 1029; x_wconf 87' lang='lat' dir='ltr'><strong>tuam</strong></span> <span class='ocrx_word' id='word_1_121' title='bbox 1332 992 1538 1030; x_wconf 81' lang='lat' dir='ltr'><strong>stulticiam</strong></span> <span class='ocrx_word' id='word_1_122' title='bbox 1578 994 1846 1032; x_wconf 85' lang='lat' dir='ltr'><strong>consciencias</strong></span> 
     </span>
     <span class='ocr_line' id='line_1_32' title="bbox 494 1063 1846 1114; baseline 0.004 -15"><span class='ocrx_word' id='word_1_123' title='bbox 494 1063 704 1100; x_wconf 88' lang='lat' dir='ltr'><strong>multarum</strong></span> <span class='ocrx_word' id='word_1_124' title='bbox 734 1064 1039 1112; x_wconf 83' lang='lat' dir='ltr'><strong>generacionum</strong></span> <span class='ocrx_word' id='word_1_125' title='bbox 1061 1077 1224 1113; x_wconf 91' lang='lat' dir='ltr'><strong>quarum</strong></span> <span class='ocrx_word' id='word_1_126' title='bbox 1249 1065 1437 1114; x_wconf 87' lang='lat' dir='ltr'><strong>principia</strong></span> <span class='ocrx_word' id='word_1_127' title='bbox 1463 1065 1673 1103; x_wconf 88' lang='lat' dir='ltr'><strong>fundarunt</strong></span> <span class='ocrx_word' id='word_1_128' title='bbox 1700 1066 1846 1104; x_wconf 88' lang='lat' dir='ltr'><strong>elemo-</strong></span> 
     </span>
     <span class='ocr_line' id='line_1_33' title="bbox 496 1135 1846 1187; baseline 0.004 -16"><span class='ocrx_word' id='word_1_129' title='bbox 496 1135 598 1173; x_wconf 85' lang='lat' dir='ltr'><strong>sinas</strong></span> <span class='ocrx_word' id='word_1_130' title='bbox 625 1135 767 1173; x_wconf 85' lang='lat' dir='ltr'><strong>multas</strong></span> <span class='ocrx_word' id='word_1_131' title='bbox 798 1142 1015 1185; x_wconf 88' lang='lat' dir='ltr'><strong>perpetuas.</strong></span> <span class='ocrx_word' id='word_1_132' title='bbox 1076 1135 1281 1185; x_wconf 86' lang='lat' dir='ltr'><strong>Numquid</strong></span> <span class='ocrx_word' id='word_1_133' title='bbox 1311 1149 1404 1185; x_wconf 87' lang='lat' dir='ltr'><strong>ergo</strong></span> <span class='ocrx_word' id='word_1_134' title='bbox 1436 1137 1512 1175; x_wconf 90' lang='lat' dir='ltr'><strong>scis</strong></span> <span class='ocrx_word' id='word_1_135' title='bbox 1542 1139 1709 1187; x_wconf 87' lang='lat' dir='ltr'><strong>probare</strong></span> <span class='ocrx_word' id='word_1_136' title='bbox 1739 1137 1846 1187; x_wconf 92' lang='lat' dir='ltr'><strong>quod</strong></span> 
     </span>
     <span class='ocr_line' id='line_1_34' title="bbox 494 1207 1903 1259; baseline 0.001 -16"><span class='ocrx_word' id='word_1_137' title='bbox 494 1207 750 1245; x_wconf 86' lang='lat' dir='ltr'><strong>fundaverant</strong></span> <span class='ocrx_word' id='word_1_138' title='bbox 771 1207 854 1245; x_wconf 90' lang='lat' dir='ltr'><strong>illas</strong></span> <span class='ocrx_word' id='word_1_139' title='bbox 880 1208 1019 1245; x_wconf 85' lang='lat' dir='ltr'><strong>stulte?</strong></span> <span class='ocrx_word' id='word_1_140' title='bbox 1080 1208 1119 1245; x_wconf 87' lang='lat' dir='ltr'><strong>Si</strong></span> <span class='ocrx_word' id='word_1_141' title='bbox 1140 1215 1271 1245; x_wconf 89' lang='lat' dir='ltr'><strong>autem</strong></span> <span class='ocrx_word' id='word_1_142' title='bbox 1292 1207 1352 1245; x_wconf 92' lang='lat' dir='ltr'><strong>ille</strong></span> <span class='ocrx_word' id='word_1_143' title='bbox 1373 1208 1584 1247; x_wconf 90' lang='lat' dir='ltr'><strong>elemosine</strong></span> <span class='ocrx_word' id='word_1_144' title='bbox 1611 1217 1776 1259; x_wconf 84' lang='lat' dir='ltr'><strong>possunt</strong></span> <span class='ocrx_word' id='word_1_145' title='bbox 1797 1210 1846 1247; x_wconf 90' lang='lat' dir='ltr'><strong>ad</strong></span> <span class='ocrx_word' id='word_1_146' title='bbox 1862 1221 1903 1244; x_wconf 92' lang='lat'><strong>10</strong></span> 
     </span>
     <span class='ocr_line' id='line_1_35' title="bbox 494 1279 1845 1329; baseline 0.003 -13"><span class='ocrx_word' id='word_1_147' title='bbox 494 1286 648 1329; x_wconf 89' lang='lat' dir='ltr'><strong>tempus</strong></span> <span class='ocrx_word' id='word_1_148' title='bbox 678 1280 846 1329; x_wconf 81' lang='lat' dir='ltr'><strong>expendi</strong></span> <span class='ocrx_word' id='word_1_149' title='bbox 876 1280 925 1317; x_wconf 91' lang='lat' dir='ltr'><strong>ad</strong></span> <span class='ocrx_word' id='word_1_150' title='bbox 956 1279 1149 1318; x_wconf 89' lang='lat' dir='ltr'><strong>honorem</strong></span> <span class='ocrx_word' id='word_1_151' title='bbox 1182 1280 1243 1317; x_wconf 89' lang='lat' dir='ltr'><strong>dei</strong></span> <span class='ocrx_word' id='word_1_152' title='bbox 1272 1288 1310 1318; x_wconf 88' lang='lat' dir='ltr'><strong>et</strong></span> <span class='ocrx_word' id='word_1_153' title='bbox 1339 1281 1543 1319; x_wconf 86' lang='lat' dir='ltr'><strong>utilitatem</strong></span> <span class='ocrx_word' id='word_1_154' title='bbox 1574 1294 1640 1319; x_wconf 91' lang='lat' dir='ltr'><strong>sue</strong></span> <span class='ocrx_word' id='word_1_155' title='bbox 1670 1282 1845 1328; x_wconf 85' lang='lat' dir='ltr'><strong>ecclesie,</strong></span> 
     </span>
     <span class='ocr_line' id='line_1_36' title="bbox 494 1352 1845 1403; baseline 0.002 -15"><span class='ocrx_word' id='word_1_156' title='bbox 494 1364 613 1401; x_wconf 88' lang='lat' dir='ltr'><strong>quare</strong></span> <span class='ocrx_word' id='word_1_157' title='bbox 635 1364 715 1389; x_wconf 89' lang='lat' dir='ltr'><strong>non</strong></span> <span class='ocrx_word' id='word_1_158' title='bbox 737 1359 900 1401; x_wconf 85' lang='lat' dir='ltr'><strong>possunt</strong></span> <span class='ocrx_word' id='word_1_159' title='bbox 925 1352 1091 1401; x_wconf 89' lang='lat' dir='ltr'><strong>amplius</strong></span> <span class='ocrx_word' id='word_1_160' title='bbox 1111 1365 1235 1403; x_wconf 89' lang='lat' dir='ltr'><strong>usque</strong></span> <span class='ocrx_word' id='word_1_161' title='bbox 1263 1353 1312 1390; x_wconf 90' lang='lat' dir='ltr'><strong>ad</strong></span> <span class='ocrx_word' id='word_1_162' title='bbox 1341 1353 1444 1390; x_wconf 90' lang='lat' dir='ltr'><strong>diem</strong></span> <span class='ocrx_word' id='word_1_163' title='bbox 1472 1353 1617 1403; x_wconf 89' lang='lat' dir='ltr'><strong>judicii,</strong></span> <span class='ocrx_word' id='word_1_164' title='bbox 1641 1365 1730 1391; x_wconf 91' lang='lat' dir='ltr'><strong>cum</strong></span> <span class='ocrx_word' id='word_1_165' title='bbox 1750 1354 1845 1392; x_wconf 90' lang='lat' dir='ltr'><strong>deus</strong></span> 
     </span>
     <span class='ocr_line' id='line_1_37' title="bbox 494 1422 1934 1475; baseline 0.002 -15"><span class='ocrx_word' id='word_1_166' title='bbox 494 1424 542 1461; x_wconf 87' lang='lat' dir='ltr'><strong>sit</strong></span> <span class='ocrx_word' id='word_1_167' title='bbox 563 1435 661 1472; x_wconf 88' lang='lat' dir='ltr'><strong>eque</strong></span> <span class='ocrx_word' id='word_1_168' title='bbox 683 1423 935 1472; x_wconf 89' lang='lat' dir='ltr'><strong>omnipotens</strong></span> <span class='ocrx_word' id='word_1_169' title='bbox 956 1431 993 1461; x_wconf 88' lang='lat' dir='ltr'><strong>et</strong></span> <span class='ocrx_word' id='word_1_170' title='bbox 1013 1437 1113 1473; x_wconf 90' lang='lat' dir='ltr'><strong>eque</strong></span> <span class='ocrx_word' id='word_1_171' title='bbox 1129 1422 1148 1443; x_wconf 62' lang='lat'><strong>³⁵</strong></span> <span class='ocrx_word' id='word_1_172' title='bbox 1166 1425 1366 1474; x_wconf 83' lang='lat' dir='ltr'><strong>graciosus</strong></span> <span class='ocrx_word' id='word_1_173' title='bbox 1387 1425 1427 1462; x_wconf 93' lang='lat' dir='ltr'><strong>in</strong></span> <span class='ocrx_word' id='word_1_174' title='bbox 1447 1437 1527 1463; x_wconf 91' lang='lat' dir='ltr'><strong>uno</strong></span> <span class='ocrx_word' id='word_1_175' title='bbox 1552 1432 1726 1475; x_wconf 90' lang='lat' dir='ltr'><strong>tempore</strong></span> <span class='ocrx_word' id='word_1_176' title='bbox 1749 1426 1845 1463; x_wconf 91' lang='lat' dir='ltr'><strong>sicut</strong></span> <span class='ocrx_word' id='word_1_177' title='bbox 1857 1433 1934 1463; x_wconf 82' lang='lat'>114.</span> 
     </span>
     <span class='ocr_line' id='line_1_38' title="bbox 493 1495 1843 1548; baseline 0.002 -16"><span class='ocrx_word' id='word_1_178' title='bbox 493 1496 532 1532; x_wconf 92' lang='lat' dir='ltr'><strong>in</strong></span> <span class='ocrx_word' id='word_1_179' title='bbox 553 1496 656 1533; x_wconf 88' lang='lat' dir='ltr'><strong>alio?</strong></span> <span class='ocrx_word' id='word_1_180' title='bbox 690 1495 742 1533; x_wconf 87' lang='lat' dir='ltr'><strong>Et</strong></span> <span class='ocrx_word' id='word_1_181' title='bbox 763 1496 979 1545; x_wconf 87' lang='lat' dir='ltr'><strong>specialiter</strong></span> <span class='ocrx_word' id='word_1_182' title='bbox 1001 1509 1091 1534; x_wconf 90' lang='lat' dir='ltr'><strong>cum</strong></span> <span class='ocrx_word' id='word_1_183' title='bbox 1109 1497 1170 1534; x_wconf 90' lang='lat' dir='ltr'><strong>ille</strong></span> <span class='ocrx_word' id='word_1_184' title='bbox 1188 1497 1398 1535; x_wconf 90' lang='lat' dir='ltr'><strong>elemosine</strong></span> <span class='ocrx_word' id='word_1_185' title='bbox 1417 1498 1491 1534; x_wconf 90' lang='lat' dir='ltr'><strong>sint</strong></span> <span class='ocrx_word' id='word_1_186' title='bbox 1511 1510 1579 1547; x_wconf 87' lang='lat' dir='ltr'><strong>per</strong></span> <span class='ocrx_word' id='word_1_187' title='bbox 1599 1497 1720 1535; x_wconf 89' lang='lat' dir='ltr'><strong>multa</strong></span> <span class='ocrx_word' id='word_1_188' title='bbox 1738 1498 1843 1548; x_wconf 89' lang='lat' dir='ltr'><strong>jura-</strong></span> 
     </span>
     <span class='ocr_line' id='line_1_39' title="bbox 491 1568 1898 1619; baseline 0 -15"><span class='ocrx_word' id='word_1_189' title='bbox 491 1574 624 1604; x_wconf 88' lang='lat' dir='ltr'><strong>menta</strong></span> <span class='ocrx_word' id='word_1_190' title='bbox 644 1579 781 1617; x_wconf 84' lang='lat' dir='ltr'><strong>regum</strong></span> <span class='ocrx_word' id='word_1_191' title='bbox 802 1574 839 1605; x_wconf 90' lang='lat' dir='ltr'><strong>et</strong></span> <span class='ocrx_word' id='word_1_192' title='bbox 861 1568 1110 1606; x_wconf 89' lang='lat' dir='ltr'><strong>dominorum</strong></span> <span class='ocrx_word' id='word_1_193' title='bbox 1133 1569 1366 1606; x_wconf 85' lang='lat' dir='ltr'><strong>secularium</strong></span> <span class='ocrx_word' id='word_1_194' title='bbox 1388 1576 1425 1607; x_wconf 87' lang='lat' dir='ltr'><strong>et</strong></span> <span class='ocrx_word' id='word_1_195' title='bbox 1447 1582 1537 1607; x_wconf 90' lang='lat' dir='ltr'><strong>cum</strong></span> <span class='ocrx_word' id='word_1_196' title='bbox 1554 1569 1707 1619; x_wconf 85' lang='lat' dir='ltr'><strong>legibus</strong></span> <span class='ocrx_word' id='word_1_197' title='bbox 1721 1582 1842 1619; x_wconf 89' lang='lat' dir='ltr'><strong>papa·</strong></span> <span class='ocrx_word' id='word_1_198' title='bbox 1859 1583 1898 1615; x_wconf 89' lang='lat'><strong>15</strong></span> 
     </span>
     <span class='ocr_line' id='line_1_40' title="bbox 491 1639 1846 1691; baseline 0.001 -15"><span class='ocrx_word' id='word_1_199' title='bbox 491 1639 591 1676; x_wconf 88' lang='lat' dir='ltr'><strong>libus</strong></span> <span class='ocrx_word' id='word_1_200' title='bbox 631 1640 873 1686; x_wconf 86' lang='lat' dir='ltr'><strong>confirmate,</strong></span> <span class='ocrx_word' id='word_1_201' title='bbox 914 1653 986 1678; x_wconf 90' lang='lat' dir='ltr'><strong>nec</strong></span> <span class='ocrx_word' id='word_1_202' title='bbox 1027 1640 1226 1678; x_wconf 90' lang='lat' dir='ltr'><strong>audebant</strong></span> <span class='ocrx_word' id='word_1_203' title='bbox 1265 1641 1372 1678; x_wconf 90' lang='lat' dir='ltr'><strong>scioli</strong></span> <span class='ocrx_word' id='word_1_204' title='bbox 1411 1653 1536 1691; x_wconf 92' lang='lat' dir='ltr'><strong>usque</strong></span> <span class='ocrx_word' id='word_1_205' title='bbox 1575 1640 1691 1678; x_wconf 87' lang='lat' dir='ltr'><strong>hodie</strong></span> <span class='ocrx_word' id='word_1_206' title='bbox 1730 1641 1846 1678; x_wconf 87' lang='lat' dir='ltr'><strong>istam</strong></span> 
     </span>
     <span class='ocr_line' id='line_1_41' title="bbox 491 1710 1846 1762; baseline 0.001 -15"><span class='ocrx_word' id='word_1_207' title='bbox 491 1710 746 1748; x_wconf 85' lang='lat' dir='ltr'><strong>elemosinam</strong></span> <span class='ocrx_word' id='word_1_208' title='bbox 784 1711 1028 1761; x_wconf 85' lang='lat' dir='ltr'><strong>improbare:</strong></span> <span class='ocrx_word' id='word_1_209' title='bbox 1078 1725 1156 1762; x_wconf 92' lang='lat' dir='ltr'><strong>qua</strong></span> <span class='ocrx_word' id='word_1_210' title='bbox 1193 1725 1288 1762; x_wconf 85' lang='lat' dir='ltr'><strong>ergo</strong></span> <span class='ocrx_word' id='word_1_211' title='bbox 1326 1713 1410 1762; x_wconf 81' lang='lat' dir='ltr'><strong>lege</strong></span> <span class='ocrx_word' id='word_1_212' title='bbox 1444 1712 1502 1750; x_wconf 91' lang='lat' dir='ltr'><strong>vel</strong></span> <span class='ocrx_word' id='word_1_213' title='bbox 1542 1713 1709 1758; x_wconf 88' lang='lat' dir='ltr'><strong>racione,</strong></span> <span class='ocrx_word' id='word_1_214' title='bbox 1750 1713 1846 1762; x_wconf 90' lang='lat' dir='ltr'><strong>quin</strong></span> 
     </span>
     <span class='ocr_line' id='line_1_42' title="bbox 491 1782 1297 1834; baseline 0.001 -14"><span class='ocrx_word' id='word_1_215' title='bbox 491 1782 628 1832; x_wconf 86' lang='lat' dir='ltr'><strong>pocius</strong></span> <span class='ocrx_word' id='word_1_216' title='bbox 658 1783 939 1832; x_wconf 89' lang='lat' dir='ltr'><strong>imprudencia,</strong></span> <span class='ocrx_word' id='word_1_217' title='bbox 962 1784 1037 1822; x_wconf 92' lang='lat' dir='ltr'><strong>hoc</strong></span> <span class='ocrx_word' id='word_1_218' title='bbox 1063 1785 1297 1834; x_wconf 87' lang='lat' dir='ltr'><strong>attemptas?</strong></span> 
     </span>
    </p>

    <p class='ocr_par' dir='ltr' id='par_1_13' title="bbox 490 1854 1900 2698">
     <span class='ocr_line' id='line_1_43' title="bbox 546 1854 1844 1906; baseline 0.002 -15"><span class='ocrx_word' id='word_1_219' title='bbox 546 1854 735 1892; x_wconf 74' lang='lat' dir='ltr'><strong>VERITAS.</strong></span> <span class='ocrx_word' id='word_1_220' title='bbox 766 1854 785 1874; x_wconf 78' lang='lat'><em>*</em></span> <span class='ocrx_word' id='word_1_221' title='bbox 820 1855 911 1894; x_wconf 89' lang='lat' dir='ltr'><strong>Scio</strong></span> <span class='ocrx_word' id='word_1_222' title='bbox 931 1869 978 1893; x_wconf 81' lang='lat' dir='ltr'><strong>ex</strong></span> <span class='ocrx_word' id='word_1_223' title='bbox 1000 1856 1075 1893; x_wconf 88' lang='lat' dir='ltr'><strong>fide</strong></span> <span class='ocrx_word' id='word_1_224' title='bbox 1097 1856 1203 1906; x_wconf 89' lang='lat' dir='ltr'><strong>quod</strong></span> <span class='ocrx_word' id='word_1_225' title='bbox 1226 1856 1403 1894; x_wconf 88' lang='lat' dir='ltr'><strong>Christus</strong></span> <span class='ocrx_word' id='word_1_226' title='bbox 1427 1863 1484 1894; x_wconf 92' lang='lat' dir='ltr'><strong>est</strong></span> <span class='ocrx_word' id='word_1_227' title='bbox 1515 1856 1697 1894; x_wconf 89' lang='lat' dir='ltr'><strong>dominus</strong></span> <span class='ocrx_word' id='word_1_228' title='bbox 1726 1856 1844 1894; x_wconf 88' lang='lat' dir='ltr'><strong>etiam</strong></span> 
     </span>
     <span class='ocr_line' id='line_1_44' title="bbox 490 1927 1900 1977; baseline 0.002 -14"><span class='ocrx_word' id='word_1_229' title='bbox 490 1927 689 1976; x_wconf 89' lang='lat' dir='ltr'><strong>temporis,</strong></span> <span class='ocrx_word' id='word_1_230' title='bbox 711 1934 749 1964; x_wconf 91' lang='lat' dir='ltr'><strong>et</strong></span> <span class='ocrx_word' id='word_1_231' title='bbox 770 1940 860 1965; x_wconf 87' lang='lat' dir='ltr'><strong>curn</strong></span> <span class='ocrx_word' id='word_1_232' title='bbox 883 1927 957 1966; x_wconf 91' lang='lat' dir='ltr'><strong>hoc</strong></span> <span class='ocrx_word' id='word_1_233' title='bbox 979 1928 1233 1977; x_wconf 91' lang='lat' dir='ltr'><strong>omnipotens</strong></span> <span class='ocrx_word' id='word_1_234' title='bbox 1254 1941 1298 1965; x_wconf 86' lang='lat' dir='ltr'><strong>ac</strong></span> <span class='ocrx_word' id='word_1_235' title='bbox 1322 1928 1438 1965; x_wconf 88' lang='lat' dir='ltr'><strong>etiam</strong></span> <span class='ocrx_word' id='word_1_236' title='bbox 1460 1929 1708 1966; x_wconf 86' lang='lat' dir='ltr'><strong>omnisciens.</strong></span> <span class='ocrx_word' id='word_1_237' title='bbox 1753 1928 1842 1977; x_wconf 83' lang='lat' dir='ltr'><strong>Ipse</strong></span> <span class='ocrx_word' id='word_1_238' title='bbox 1859 1941 1900 1963; x_wconf 89' lang='lat'><strong>20</strong></span> 
     </span>
     <span class='ocr_line' id='line_1_45' title="bbox 493 1999 1843 2050; baseline 0.001 -14"><span class='ocrx_word' id='word_1_239' title='bbox 493 2006 621 2036; x_wconf 88' lang='lat' dir='ltr'><strong>autem</strong></span> <span class='ocrx_word' id='word_1_240' title='bbox 642 2012 723 2037; x_wconf 92' lang='lat' dir='ltr'><strong>non</strong></span> <span class='ocrx_word' id='word_1_241' title='bbox 744 1999 917 2037; x_wconf 88' lang='lat' dir='ltr'><strong>fundavit</strong></span> <span class='ocrx_word' id='word_1_242' title='bbox 930 2000 1025 2037; x_wconf 90' lang='lat' dir='ltr'><strong>tales</strong></span> <span class='ocrx_word' id='word_1_243' title='bbox 1042 2000 1289 2046; x_wconf 78' lang='lat' dir='ltr'><strong>elemosinas,</strong></span> <span class='ocrx_word' id='word_1_244' title='bbox 1304 2001 1398 2050; x_wconf 90' lang='lat' dir='ltr'><strong>quin</strong></span> <span class='ocrx_word' id='word_1_245' title='bbox 1422 2001 1559 2050; x_wconf 90' lang='lat' dir='ltr'><strong>pocius</strong></span> <span class='ocrx_word' id='word_1_246' title='bbox 1580 2000 1619 2037; x_wconf 92' lang='lat' dir='ltr'><strong>in</strong></span> <span class='ocrx_word' id='word_1_247' title='bbox 1639 2000 1843 2049; x_wconf 84' lang='lat' dir='ltr'><strong>evangelio</strong></span> 
     </span>
     <span class='ocr_line' id='line_1_46' title="bbox 493 2071 1844 2122; baseline 0.002 -15"><span class='ocrx_word' id='word_1_248' title='bbox 493 2071 749 2117; x_wconf 81' lang='lat' dir='ltr'><strong>contradixit;</strong></span> <span class='ocrx_word' id='word_1_249' title='bbox 800 2083 891 2108; x_wconf 91' lang='lat' dir='ltr'><strong>cum</strong></span> <span class='ocrx_word' id='word_1_250' title='bbox 922 2071 1043 2109; x_wconf 91' lang='lat' dir='ltr'><strong>voluit</strong></span> <span class='ocrx_word' id='word_1_251' title='bbox 1078 2072 1241 2110; x_wconf 88' lang='lat' dir='ltr'><strong>clericos</strong></span> <span class='ocrx_word' id='word_1_252' title='bbox 1277 2084 1369 2110; x_wconf 89' lang='lat' dir='ltr'><strong>suos</strong></span> <span class='ocrx_word' id='word_1_253' title='bbox 1400 2072 1527 2110; x_wconf 88' lang='lat' dir='ltr'><strong>vivere</strong></span> <span class='ocrx_word' id='word_1_254' title='bbox 1561 2072 1623 2110; x_wconf 91' lang='lat' dir='ltr'><strong>hic</strong></span> <span class='ocrx_word' id='word_1_255' title='bbox 1656 2079 1844 2122; x_wconf 87' lang='lat' dir='ltr'><strong>tanquam</strong></span> 
     </span>
     <span class='ocr_line' id='line_1_47' title="bbox 492 2143 1845 2194; baseline 0.002 -15"><span class='ocrx_word' id='word_1_256' title='bbox 492 2143 718 2192; x_wconf 81' lang='lat' dir='ltr'><strong>peregrinos</strong></span> <span class='ocrx_word' id='word_1_257' title='bbox 735 2149 772 2180; x_wconf 88' lang='lat' dir='ltr'><strong>et</strong></span> <span class='ocrx_word' id='word_1_258' title='bbox 793 2155 997 2192; x_wconf 86' lang='lat' dir='ltr'><strong>pauperes,</strong></span> <span class='ocrx_word' id='word_1_259' title='bbox 1015 2144 1216 2182; x_wconf 90' lang='lat' dir='ltr'><strong>tendendo</strong></span> <span class='ocrx_word' id='word_1_260' title='bbox 1231 2144 1279 2181; x_wconf 90' lang='lat' dir='ltr'><strong>ad</strong></span> <span class='ocrx_word' id='word_1_261' title='bbox 1296 2145 1462 2194; x_wconf 86' lang='lat' dir='ltr'><strong>patriam</strong></span> <span class='ocrx_word' id='word_1_262' title='bbox 1479 2151 1666 2194; x_wconf 86' lang='lat' dir='ltr'><strong>tanquam</strong></span> <span class='ocrx_word' id='word_1_263' title='bbox 1682 2144 1845 2183; x_wconf 89' lang='lat' dir='ltr'><strong>heredes</strong></span> 
     </span>
     <span class='ocr_line' id='line_1_48' title="bbox 492 2215 1843 2265; baseline 0.001 -14"><span class='ocrx_word' id='word_1_264' title='bbox 492 2215 739 2252; x_wconf 84' lang='lat' dir='ltr'><strong>beatitudinis</strong></span> <span class='ocrx_word' id='word_1_265' title='bbox 761 2222 798 2252; x_wconf 89' lang='lat' dir='ltr'><strong>et</strong></span> <span class='ocrx_word' id='word_1_266' title='bbox 819 2227 899 2252; x_wconf 90' lang='lat' dir='ltr'><strong>non</strong></span> <span class='ocrx_word' id='word_1_267' title='bbox 921 2222 1072 2253; x_wconf 87' lang='lat' dir='ltr'><strong>terrene</strong></span> <span class='ocrx_word' id='word_1_268' title='bbox 1100 2217 1371 2265; x_wconf 86' lang='lat' dir='ltr'><strong>possessionis,</strong></span> <span class='ocrx_word' id='word_1_269' title='bbox 1394 2216 1444 2253; x_wconf 91' lang='lat' dir='ltr'><strong>ad</strong></span> <span class='ocrx_word' id='word_1_270' title='bbox 1465 2217 1571 2254; x_wconf 91' lang='lat' dir='ltr'><strong>bona</strong></span> <span class='ocrx_word' id='word_1_271' title='bbox 1591 2216 1843 2254; x_wconf 86' lang='lat' dir='ltr'><strong>beatitudinis</strong></span> 
     </span>
     <span class='ocr_line' id='line_1_49' title="bbox 492 2285 1895 2337; baseline 0.001 -14"><span class='ocrx_word' id='word_1_272' title='bbox 492 2286 674 2335; x_wconf 88' lang='lat' dir='ltr'><strong>aspirare.</strong></span> <span class='ocrx_word' id='word_1_273' title='bbox 720 2287 816 2324; x_wconf 89' lang='lat' dir='ltr'><strong>Ideo</strong></span> <span class='ocrx_word' id='word_1_274' title='bbox 837 2288 1002 2337; x_wconf 89' lang='lat' dir='ltr'><strong>precipit</strong></span> <span class='ocrx_word' id='word_1_275' title='bbox 1024 2287 1085 2325; x_wconf 84' lang='lat' dir='ltr'><strong>Mt</strong></span> <span class='ocrx_word' id='word_1_276' title='bbox 1107 2285 1150 2325; x_wconf 87' lang='lat' dir='ltr'><strong>6O</strong></span> <span class='ocrx_word' id='word_1_277' title='bbox 1169 2288 1299 2326; x_wconf 63' lang='lat' dir='ltr'><em>Nolite</em></span> <span class='ocrx_word' id='word_1_278' title='bbox 1317 2301 1390 2325; x_wconf 78' lang='lat' dir='ltr'><strong>esse</strong></span> <span class='ocrx_word' id='word_1_279' title='bbox 1406 2289 1546 2325; x_wconf 69' lang='lat' dir='ltr'><strong>soliciti</strong></span> <span class='ocrx_word' id='word_1_280' title='bbox 1561 2290 1601 2325; x_wconf 75' lang='lat'>2&#39;72</span> <span class='ocrx_word' id='word_1_281' title='bbox 1621 2290 1840 2335; x_wconf 77' lang='lat' dir='ltr'><strong>craslz&#39;num,</strong></span> <span class='ocrx_word' id='word_1_282' title='bbox 1858 2302 1895 2335; x_wconf 87' lang='lat'><strong>25</strong></span> 
     </span>
     <span class='ocr_line' id='line_1_50' title="bbox 490 2360 1847 2411; baseline 0.003 -17"><span class='ocrx_word' id='word_1_283' title='bbox 490 2360 681 2396; x_wconf 72' lang='lat' dir='ltr'><strong>crastz&#39;nus</strong></span> <span class='ocrx_word' id='word_1_284' title='bbox 699 2361 795 2396; x_wconf 70' lang='lat' dir='ltr'><strong>enim</strong></span> <span class='ocrx_word' id='word_1_285' title='bbox 823 2360 899 2396; x_wconf 64' lang='lat' dir='ltr'><strong>dies</strong></span> <span class='ocrx_word' id='word_1_286' title='bbox 928 2361 1096 2397; x_wconf 76' lang='lat' dir='ltr'><strong>solz&#39;cz&#39;lus</strong></span> <span class='ocrx_word' id='word_1_287' title='bbox 1125 2362 1200 2398; x_wconf 77' lang='lat' dir='ltr'><strong>erit</strong></span> <span class='ocrx_word' id='word_1_288' title='bbox 1225 2361 1302 2398; x_wconf 72' lang='lat' dir='ltr'><strong>sibi</strong></span> <span class='ocrx_word' id='word_1_289' title='bbox 1327 2361 1409 2410; x_wconf 60' lang='lat' dir='ltr'><strong>zpsz&#39;.</strong></span> <span class='ocrx_word' id='word_1_290' title='bbox 1470 2360 1619 2411; x_wconf 73' lang='lat' dir='ltr'><strong>Sufficit</strong></span> <span class='ocrx_word' id='word_1_291' title='bbox 1644 2363 1739 2398; x_wconf 75' lang='lat' dir='ltr'><strong>enim</strong></span> <span class='ocrx_word' id='word_1_292' title='bbox 1770 2362 1847 2398; x_wconf 80' lang='lat' dir='ltr'><strong>dz&#39;ez&#39;</strong></span> 
     </span>
     <span class='ocr_line' id='line_1_51' title="bbox 492 2431 1843 2483; baseline 0.002 -16"><span class='ocrx_word' id='word_1_293' title='bbox 492 2431 642 2468; x_wconf 77' lang='lat' dir='ltr'><strong>malicia</strong></span> <span class='ocrx_word' id='word_1_294' title='bbox 661 2444 742 2469; x_wconf 80' lang='lat' dir='ltr'><em>sucz.</em></span> <span class='ocrx_word' id='word_1_295' title='bbox 802 2431 920 2470; x_wconf 90' lang='lat' dir='ltr'><strong>Nunc</strong></span> <span class='ocrx_word' id='word_1_296' title='bbox 950 2439 1080 2470; x_wconf 89' lang='lat' dir='ltr'><strong>autem</strong></span> <span class='ocrx_word' id='word_1_297' title='bbox 1109 2434 1349 2471; x_wconf 89' lang='lat' dir='ltr'><strong>contrarium</strong></span> <span class='ocrx_word' id='word_1_298' title='bbox 1370 2433 1483 2483; x_wconf 86' lang='lat' dir='ltr'><strong>hujus</strong></span> <span class='ocrx_word' id='word_1_299' title='bbox 1505 2433 1679 2471; x_wconf 89' lang='lat' dir='ltr'><strong>doctrine</strong></span> <span class='ocrx_word' id='word_1_300' title='bbox 1701 2433 1843 2471; x_wconf 88' lang='lat' dir='ltr'><strong>Christi</strong></span> 
     </span>
     <span class='ocr_line' id='line_1_52' title="bbox 493 2502 1842 2555; baseline 0.003 -16"><span class='ocrx_word' id='word_1_301' title='bbox 493 2502 541 2539; x_wconf 90' lang='lat' dir='ltr'><strong>de</strong></span> <span class='ocrx_word' id='word_1_302' title='bbox 571 2503 765 2552; x_wconf 86' lang='lat' dir='ltr'><strong>perpetuis</strong></span> <span class='ocrx_word' id='word_1_303' title='bbox 786 2503 1010 2542; x_wconf 90' lang='lat' dir='ltr'><strong>elemosinis</strong></span> <span class='ocrx_word' id='word_1_304' title='bbox 1033 2511 1090 2542; x_wconf 89' lang='lat' dir='ltr'><strong>est</strong></span> <span class='ocrx_word' id='word_1_305' title='bbox 1120 2511 1309 2554; x_wconf 86' lang='lat' dir='ltr'><strong>tanquam</strong></span> <span class='ocrx_word' id='word_1_306' title='bbox 1331 2505 1545 2555; x_wconf 89' lang='lat' dir='ltr'><strong>prudencia</strong></span> <span class='ocrx_word' id='word_1_307' title='bbox 1574 2511 1655 2542; x_wconf 86' lang='lat' dir='ltr'><strong>tam</strong></span> <span class='ocrx_word' id='word_1_308' title='bbox 1685 2517 1708 2542; x_wconf 89' lang='lat' dir='ltr'><strong>a</strong></span> <span class='ocrx_word' id='word_1_309' title='bbox 1738 2505 1842 2543; x_wconf 90' lang='lat' dir='ltr'><strong>clero</strong></span> 
     </span>
     <span class='ocr_line' id='line_1_53' title="bbox 492 2575 1842 2626; baseline 0.003 -16"><span class='ocrx_word' id='word_1_310' title='bbox 492 2586 611 2623; x_wconf 87' lang='lat' dir='ltr'><strong>quam</strong></span> <span class='ocrx_word' id='word_1_311' title='bbox 656 2575 892 2613; x_wconf 88' lang='lat' dir='ltr'><strong>secularibus</strong></span> <span class='ocrx_word' id='word_1_312' title='bbox 933 2576 1130 2626; x_wconf 87' lang='lat' dir='ltr'><strong>adoptata.</strong></span> <span class='ocrx_word' id='word_1_313' title='bbox 1192 2577 1343 2614; x_wconf 86' lang='lat' dir='ltr'><strong>Scimus</strong></span> <span class='ocrx_word' id='word_1_314' title='bbox 1373 2584 1504 2615; x_wconf 88' lang='lat' dir='ltr'><strong>tamen</strong></span> <span class='ocrx_word' id='word_1_315' title='bbox 1534 2589 1582 2614; x_wconf 84' lang='lat' dir='ltr'><strong>ex</strong></span> <span class='ocrx_word' id='word_1_316' title='bbox 1618 2577 1702 2626; x_wconf 87' lang='lat' dir='ltr'><strong>lege</strong></span> <span class='ocrx_word' id='word_1_317' title='bbox 1733 2575 1842 2626; x_wconf 90' lang='lat' dir='ltr'><strong>quod</strong></span> 
     </span>
     <span class='ocr_line' id='line_1_54' title="bbox 494 2644 1897 2698; baseline 0.001 -16"><span class='ocrx_word' id='word_1_318' title='bbox 494 2644 667 2683; x_wconf 86' lang='lat' dir='ltr'><strong>Christus</strong></span> <span class='ocrx_word' id='word_1_319' title='bbox 689 2654 821 2683; x_wconf 86' lang='lat' dir='ltr'><strong>manet</strong></span> <span class='ocrx_word' id='word_1_320' title='bbox 849 2647 885 2684; x_wconf 92' lang='lat' dir='ltr'><strong>in</strong></span> <span class='ocrx_word' id='word_1_321' title='bbox 914 2654 1102 2695; x_wconf 88' lang='lat' dir='ltr'><strong>eternum,</strong></span> <span class='ocrx_word' id='word_1_322' title='bbox 1125 2655 1161 2686; x_wconf 92' lang='lat' dir='ltr'><strong>et</strong></span> <span class='ocrx_word' id='word_1_323' title='bbox 1192 2649 1251 2686; x_wconf 84' lang='lat' dir='ltr'><strong>isti</strong></span> <span class='ocrx_word' id='word_1_324' title='bbox 1282 2648 1515 2698; x_wconf 82' lang='lat' dir='ltr'><strong>temporales</strong></span> <span class='ocrx_word' id='word_1_325' title='bbox 1545 2648 1694 2686; x_wconf 89' lang='lat' dir='ltr'><strong>domini</strong></span> <span class='ocrx_word' id='word_1_326' title='bbox 1725 2648 1840 2687; x_wconf 87' lang='lat' dir='ltr'><strong>hodie</strong></span> <span class='ocrx_word' id='word_1_327' title='bbox 1855 2661 1897 2692; x_wconf 83' lang='lat'><strong>30</strong></span> 
     </span>
    </p>
   </div>
   <div class='ocr_carea' id='block_1_12' title="bbox 491 2750 1839 2893">
    <p class='ocr_par' dir='ltr' id='par_1_14' title="bbox 491 2750 1839 2893">
     <span class='ocr_line' id='line_1_55' title="bbox 539 2750 1838 2794; baseline 0.005 -14"><span class='ocrx_word' id='word_1_328' title='bbox 539 2760 566 2781; x_wconf 88' lang='lat'><strong>2.</strong></span> <span class='ocrx_word' id='word_1_329' title='bbox 592 2750 709 2781; x_wconf 79' lang='lat' dir='ltr'><strong>saltem</strong></span> <span class='ocrx_word' id='word_1_330' title='bbox 734 2751 809 2784; x_wconf 66' lang='lat' dir='ltr'><strong>add.</strong></span> <span class='ocrx_word' id='word_1_331' title='bbox 831 2756 907 2783; x_wconf 78' lang='lat' dir='ltr'><strong>aule</strong></span> <span class='ocrx_word' id='word_1_332' title='bbox 932 2752 993 2791; x_wconf 86' lang='lat' dir='ltr'><strong>vel,</strong></span> <span class='ocrx_word' id='word_1_333' title='bbox 1016 2761 1047 2791; x_wconf 81' lang='lat' dir='ltr'><strong>B,</strong></span> <span class='ocrx_word' id='word_1_334' title='bbox 1066 2750 1122 2785; x_wconf 81' lang='lat' dir='ltr'><strong>C.&#39;</strong></span> <span class='ocrx_word' id='word_1_335' title='bbox 1162 2753 1317 2794; x_wconf 85' lang='lat' dir='ltr'><strong>periculis</strong></span> <span class='ocrx_word' id='word_1_336' title='bbox 1342 2753 1536 2785; x_wconf 83' lang='lat' dir='ltr'><strong>imminente</strong></span> <span class='ocrx_word' id='word_1_337' title='bbox 1560 2764 1669 2790; x_wconf 79' lang='lat' dir='ltr'><strong>causa,</strong></span> <span class='ocrx_word' id='word_1_338' title='bbox 1695 2762 1723 2792; x_wconf 71' lang='grc' dir='ltr'><strong>Β,</strong></span> <span class='ocrx_word' id='word_1_339' title='bbox 1745 2754 1789 2790; x_wconf 72' lang='lat'><strong>13¹,</strong></span> <span class='ocrx_word' id='word_1_340' title='bbox 1807 2763 1838 2786; x_wconf 92' lang='lat' dir='ltr'><strong>C.</strong></span> 
     </span>
     <span class='ocr_line' id='line_1_56' title="bbox 491 2804 1839 2847; baseline 0.004 -15"><span class='ocrx_word' id='word_1_341' title='bbox 491 2813 521 2843; x_wconf 88' lang='lat'><strong>9.</strong></span> <span class='ocrx_word' id='word_1_342' title='bbox 546 2813 606 2843; x_wconf 82' lang='lat' dir='ltr'><strong>pro</strong></span> <span class='ocrx_word' id='word_1_343' title='bbox 625 2813 711 2841; x_wconf 77' lang='lat' dir='ltr'><strong>vero,</strong></span> <span class='ocrx_word' id='word_1_344' title='bbox 726 2808 789 2844; x_wconf 71' lang='lat' dir='ltr'><strong>pro</strong></span> <span class='ocrx_word' id='word_1_345' title='bbox 807 2805 958 2845; x_wconf 78' lang='lat' dir='ltr'><strong>probare,</strong></span> <span class='ocrx_word' id='word_1_346' title='bbox 978 2804 1020 2836; x_wconf 68' lang='lat'><strong>13¹.</strong></span> <span class='ocrx_word' id='word_1_347' title='bbox 1115 2815 1164 2846; x_wconf 79' lang='lat'><strong>25.</strong></span> <span class='ocrx_word' id='word_1_348' title='bbox 1192 2806 1350 2846; x_wconf 80' lang='lat' dir='ltr'><strong>precepit,</strong></span> <span class='ocrx_word' id='word_1_349' title='bbox 1373 2805 1416 2843; x_wconf 69' lang='lat'><strong>13¹,</strong></span> <span class='ocrx_word' id='word_1_350' title='bbox 1432 2814 1463 2837; x_wconf 78' lang='lat' dir='ltr'><strong>C.</strong></span> <span class='ocrx_word' id='word_1_351' title='bbox 1574 2816 1624 2847; x_wconf 73' lang='lat'><strong>29.</strong></span> <span class='ocrx_word' id='word_1_352' title='bbox 1650 2818 1668 2837; x_wconf 82' lang='lat' dir='ltr'><strong>a</strong></span> <span class='ocrx_word' id='word_1_353' title='bbox 1686 2806 1839 2838; x_wconf 82' lang='lat' dir='ltr'><strong>seculari-</strong></span> 
     </span>
     <span class='ocr_line' id='line_1_57' title="bbox 491 2855 730 2893; baseline 0.008 -9"><span class='ocrx_word' id='word_1_354' title='bbox 491 2855 560 2893; x_wconf 72' lang='lat' dir='ltr'><strong>bus,</strong></span> <span class='ocrx_word' id='word_1_355' title='bbox 584 2863 614 2893; x_wconf 66' lang='grc' dir='ltr'><strong>Β,</strong></span> <span class='ocrx_word' id='word_1_356' title='bbox 637 2856 678 2893; x_wconf 80' lang='grc' dir='ltr'><strong>Β“,</strong></span> <span class='ocrx_word' id='word_1_357' title='bbox 699 2864 730 2888; x_wconf 91' lang='lat' dir='ltr'><strong>C.</strong></span> 
     </span>
    </p>
   </div>
  </div>
 </body>
</html>
