2095 3381
186 230 242 281 64
706 238 966 271 SPECULUM
1000 237 1231 269 ECCLESIE
1267 237 1574 270 MILITANTIS.

183 364 443 426 {fficffffiffess'ff
466 355 583 393 talem
600 355 857 393 elemosinam
872 355 960 392 cleri
983 355 1041 392 sui
1061 368 1106 393 ac
1125 355 1154 392 si
1169 355 1340 393 dicerent
1355 363 1491 393 contra
1508 354 1717 402 Christum,
1735 367 1811 405 ego

182 434 273 461 alms?
466 427 554 465 volo
580 426 686 476 quod
715 427 761 464 sit
791 427 1004 465 elemosina
1034 427 1394 477 quomodocunque
1415 427 1577 464 vixerint
1607 433 1644 464 et
1673 427 1813 465 suerint

466 498 656 537 contrarie
685 498 761 547 legi
790 505 866 546 tue,
889 499 948 535 vel
972 511 1046 548 ego
1075 499 1163 537 volo
1185 499 1292 548 quod
1312 500 1412 536 vivat
1433 500 1483 536 ad
1512 499 1809 537 edificacionem

466 571 628 609 ecclesie
651 570 793 608 Christi
814 570 964 616 utiliter,
986 571 1077 619 quia
1098 571 1255 608 indubie
1284 571 1337 608 sic
1363 571 1441 608 vult
1471 571 1577 617 deus,
1599 584 1693 620 ergo
1723 583 1811 608 mea

465 642 604 680 volicio
627 649 684 679 est
705 642 872 691 impleta.
935 642 1157 691 Stephanus
1178 643 1335 692 quidem
1356 643 1443 680 Act.
1470 639 1510 691 70
1530 643 1684 692 negavit
1707 643 1809 680 hanc
1825 653 1842 686 5

466 714 797 763 consequenciam
819 726 907 751 curn
930 714 1025 751 dixit
1044 714 1191 764 Judeos
1222 715 1438 763 specialiter
1467 715 1667 764 religiosos
1697 721 1811 763 atque

183 797 302 830 Despite
316 798 364 824 the
377 798 453 830 good
467 786 674 836 episcopos
695 797 785 835 sepe
799 785 983 824 voluntati
1005 786 1130 823 divine
1152 787 1345 833 restitisse,
1362 786 1445 836 quis
1467 799 1562 836 ergo
1584 786 1692 824 color
1705 786 1811 835 quod

182 832 320 858 intention
334 833 365 858 of
377 833 424 858 the

182 867 280 897 donor,
294 866 357 892 God
373 866 453 891 takes
466 858 520 895 510
559 858 725 895 ditantes
760 857 968 895 ecclesiam
1003 857 1278 895 benefecerant
1312 871 1402 896 cum
1433 858 1652 896 habuerunt
1679 858 1811 895 huius-

181 909 264 932 away
274 901 345 926 alms
358 901 428 926 from
1219 929 1223 935 ¹

181 934 282 966 priests
293 935 373 960 when
386 934 454 966 they
466 930 573 967 modi
594 930 843 975 voluntatem,
866 930 960 968 deus
983 931 1086 967 enim
1108 943 1187 968 non
1212 933 1230 949 >⁶
1254 931 1433 969 obstante
1453 931 1650 968 voluntate
1679 930 1811 968 huius—
1825 938 1869 969 Β.
1887 939 1929 971 17
1943 939 1978 968 b.

182 968 233 996 5111,
250 969 305 994 and
320 968 430 993 secular

181 1002 420 1062 lcffjszrssllssloffldffis
465 1002 573 1039 modi
604 1001 827 1051 inculpabili
859 1002 994 1039 auffert
1031 1002 1171 1040 collata
1196 1002 1275 1039 istis
1307 1003 1453 1040 clericis
1484 1015 1574 1040 curn
1605 1003 1657 1040 sic
1688 1003 1810 1040 delin-
1827 1016 1867 1038 10

181 1070 289 1096 deffle-
465 1082 600 1123 quunt,
622 1086 740 1122 quare
762 1085 856 1123 ergo
878 1086 957 1111 non
979 1074 1122 1111 debent
1143 1074 1196 1111 sic
1219 1074 1367 1112 domini
1389 1087 1428 1112 se
1451 1074 1511 1112 dei
1538 1076 1638 1112 bene
1668 1061 1811 1124 placito

465 1145 768 1191 conformantes,
800 1157 890 1182 cum
920 1145 960 1181 in
991 1145 1066 1183 hoc
1098 1158 1179 1183 non
1206 1146 1304 1183 iacet
1325 1146 1483 1183 evidens
1504 1147 1720 1195 periculum
1741 1147 1810 1184 sed

465 1216 716 1255 conformitas
743 1217 819 1266 legi
841 1217 912 1263 dei,
935 1217 1025 1266 quia
1052 1230 1132 1255 non
1155 1218 1316 1255 dubium
1347 1218 1440 1267 quin
1471 1218 1595 1256 clerus
1626 1219 1665 1255 in
1696 1230 1810 1267 apos-

464 1289 551 1327 tolis
591 1296 628 1327 et
667 1288 819 1339 Chrysti
858 1289 1057 1339 discipulis
1091 1289 1182 1326 vixit
1223 1291 1392 1327 securius
1432 1297 1547 1341 atque
1595 1290 1811 1340 perfeccius

465 1361 634 1399 carendo
675 1362 813 1399 talibus
853 1361 1009 1398 diutinis
1049 1361 1273 1399 elemosinis
1309 1374 1428 1411 quam
1463 1362 1550 1399 vivit
1582 1362 1641 1400 vel
1676 1363 1864 1404 vixerit15

466 1432 590 1470 clerus
622 1439 761 1470 noster.
832 1433 930 1479 Quis
961 1446 1054 1482 ergo
1090 1433 1235 1471 fructus
1267 1434 1472 1483 spiritualis
1503 1434 1561 1471 vel
1591 1434 1666 1472 vita
1695 1435 1811 1471 mira-

181 1509 245 1572 ζΓὴζῖ
257 1517 406 1578 ἶὲξὲἳῐὲἷ
465 1505 598 1542 culosa
625 1505 732 1542 daret
762 1505 1002 1542 evidenciam
1033 1505 1083 1543 ad
1115 1505 1423 1543 continuandum
1455 1506 1549 1543 tales
1579 1506 1813 1544 elemosinas

181 1580 410 1646 ssississtcffiielssleby
467 1577 520 1613 sic
541 1577 740 1626 inceptas?
778 1576 829 1614 Et
849 1583 953 1626 patet
975 1576 1149 1615 defectus
1170 1578 1326 1627 argucie
1348 1579 1635 1627 consequentis,
1653 1579 1811 1627 quando

181 1648 401 1673 reflewalssffflffl
466 1649 638 1698 arguitur
660 1649 765 1699 quod
788 1649 841 1686 sic
864 1649 1005 1686 servari
1026 1656 1187 1698 possent
1214 1649 1425 1688 elemosine
1457 1657 1640 1700 perpetue
1671 1663 1693 1688 a
1722 1663 1812 1700 pro-

182 1681 340 1708 successive
355 1681 429 1707 heirs

181 1715 206 1741 is
220 1716 284 1746 bad,
304 1716 346 1741 for
358 1716 391 1747 (i)

182 1750 262 1775 these
282 1759 329 1775 are
347 1755 396 1775 not

182 1784 328 1816 perpetual
342 1784 422 1814 alms,

181 1818 225 1849 (ii)
240 1818 307 1849 they
318 1818 389 1843 have
405 1823 453 1843 not

183 1852 231 1877 the
245 1852 326 1877 merit
340 1861 384 1877 as-
816 1877 820 1879 ,
1102 1865 1107 1870 -
1165 1866 1180 1882 .*
1541 1866 1546 1872 .
1582 1866 1587 1872 .
1672 1867 1678 1873 .

183 1886 404 1911 cribedmsuch
466 1871 654 1914 perpetue
685 1864 843 1902 fundate
884 1877 906 1901 a
945 1866 1271 1914 progenitoribus,
1301 1877 1373 1902 nec
1402 1866 1509 1914 quod
1538 1866 1589 1902 1111
1619 1866 1759 1903 exlnde
1790 1879 1813 1904 a

183 1920 418 1992 filesiisssxiiiiiliihgq
467 1937 753 1986 dampnacione
786 1943 972 1986 perpetua
1003 1943 1091 1974 sunt
1121 1937 1302 1986 exempti,
1332 1949 1403 1974 nec
1436 1938 1540 1987 quod
1570 1944 1670 1975 esset
1700 1939 1812 1975 meri-

183 1988 441 2054 ?eongffvci’iigwtfflssf
466 2008 608 2045 torium
630 2008 882 2057 generacioni
914 2008 1068 2046 illorum
1099 2009 1243 2046 dictam
1274 2009 1527 2046 elemosinam
1559 2022 1709 2047 servare
1740 2022 1811 2059 pro

466 1721 709 1770 genitoribus
740 1733 927 1759 concesse
970 1734 1039 1772 per
1068 1721 1371 1771 generacionem
1407 1735 1454 1759 ex
1491 1722 1551 1759 dei
1584 1722 1811 1760 ordinancia
1827 1734 1868 1756 20

468 1792 755 1830 succedentem.
815 1792 900 1831 Nec
931 1793 1036 1830 enim
1064 1793 1224 1831 docetur
1248 1793 1355 1842 quod
1385 1793 1453 1831 iste
1486 1801 1574 1831 sunt
1603 1794 1812 1832 elemosine

467 2080 617 2118 morula
646 2081 685 2117 in
715 2081 787 2118 hac
819 2080 956 2127 forma,
989 2093 1062 2118 nec
1094 2081 1206 2118 video
1238 2093 1306 2130 per
1336 2080 1411 2118 hoc
1452 2081 1706 2127 evfflenciam,
1739 2082 1812 2119 nisi
1829 2091 1866 2123 25

467 2153 574 2202 quod
595 2153 654 2190 isti
676 2153 823 2190 domini
844 2153 883 2189 in
912 2152 986 2191 hoc
1014 2153 1208 2190 excedunt
1237 2159 1273 2190 et
1303 2153 1500 2190 declinant
1529 2166 1551 2190 a
1581 2153 1713 2203 regula
1743 2153 1811 2191 do-

469 2225 563 2261 mini
593 2224 687 2275 Jesu
721 2224 874 2262 Christi.
946 2224 1048 2262 Cum
1080 2237 1174 2274 ergo
1206 2225 1245 2261 in
1276 2224 1415 2262 talibus
1445 2237 1535 2274 pars
1566 2225 1736 2262 securior
1766 2226 1814 2263 sit

468 2297 647 2344 tenenda,
671 2297 818 2335 videtur
844 2298 950 2347 quod
979 2297 1077 2335 soret
1108 2297 1277 2334 securius
1308 2296 1423 2334 talem
1454 2297 1503 2334 ad
1534 2297 1812 2346 ewangelicam

468 2376 733 2419 paupertatem
756 2370 987 2418 restringere
1009 2376 1045 2406 et
1066 2381 1147 2406 non
1168 2369 1359 2406 excedere
1380 2368 1521 2406 limites
1542 2368 1634 2419 Jesu
1656 2368 1811 2406 Christi.

185 2454 326 2486 omming
341 2455 402 2480 that
468 2441 518 2478 Et
557 2441 719 2479 concedi
759 2448 891 2490 posset
929 2441 1039 2490 quod
1079 2440 1271 2479 seculares
1311 2440 1459 2478 domini
1505 2447 1736 2478 conservent
1775 2448 1811 2478 et
1827 2449 1867 2480 30

184 2490 320 2521 temporal
336 2489 410 2514 lords

186 2524 279 2550 would
294 2524 327 2549 be
341 2522 447 2555 willing
470 2513 654 2563 colligant
683 2513 732 2550 ad
760 2526 852 2551 usus
881 2514 970 2551 cleri
1000 2525 1140 2551 omnes
1170 2512 1340 2550 redditus
1371 2513 1464 2550 istos
1496 2513 1572 2549 sive
1602 2511 1746 2550 fructus
1776 2520 1813 2550 et

515 2617 542 2638 2.
560 2607 685 2645 suerint,
702 2618 763 2638 om.
781 2615 812 2639 C.
904 2617 933 2647 3.
956 2608 1078 2646 vivant,
1097 2615 1128 2638 Β.
1222 2618 1252 2648 4.
1279 2608 1314 2646 si,
1327 2612 1392 2648 pro
1408 2607 1464 2644 sie,
1485 2614 1516 2638 C.
1608 2605 1638 2637 6.
1663 2610 1694 2637 et
1711 2606 1813 2648 speci-

468 2660 572 2697 aliter,
594 2667 623 2697 Β,
640 2667 670 2692 C.
778 2668 806 2700 7.
832 2670 969 2700 semper,
981 2664 1045 2700 pro
1062 2670 1149 2701 sepe,
1163 2668 1194 2691 C.
1310 2668 1358 2690 10.
1385 2659 1472 2696 dum,
1485 2663 1550 2699 pro
1567 2669 1641 2690 eum
1658 2657 1713 2696 sic,
1734 2666 1764 2696 B,
1780 2666 1811 2690 C.

472 2722 521 2744 11.
548 2722 612 2742 non
629 2712 672 2742 al.
690 2722 781 2743 man.
801 2711 837 2742 2'12
856 2722 960 2752 marg.
980 2712 1023 2751 13¹,
1040 2720 1070 2742 B.
1144 2712 1187 2742 al.
1207 2722 1295 2742 man.
1316 2712 1361 2750 sp.
1381 2710 1559 2753 (=supple
1570 2710 1598 2752 P)
1617 2709 1758 2748 aufferre,
1780 2718 1811 2740 B.

473 2774 521 2796 12.
548 2764 723 2802 evidenter,
744 2771 772 2802 Β,
791 2772 821 2795 C.
971 2773 1018 2803 13.
1044 2764 1120 2804 legi,
1140 2771 1172 2803 B,
1187 2771 1216 2801 C,
1236 2763 1328 2804 legis,
1346 2763 1389 2794 13¹.
1555 2771 1601 2803 15.
1627 2763 1761 2800 vixerat,
1782 2769 1811 2793 B.

473 2817 522 2848 18.
546 2820 680 2857 usupra
698 2821 796 2857 patet,
818 2824 848 2848 C.
1002 2816 1052 2847 26.
1078 2816 1216 2855 domini,
1234 2826 1295 2846 om.
1315 2823 1345 2852 n,
1361 2823 1390 2846 C.
1536 2824 1586 2854 31.
1613 2815 1692 2846 istos
1710 2813 1810 2852 redd.,

469 2870 539 2901 ord.
559 2869 628 2900 inv.
650 2877 677 2900 Β.
