2095 3381
509 218 767 251 SPECULUM
801 218 1031 251 ECCLESIE
1066 219 1373 251 MILITANTIS.
1832 213 1885 263 85

274 345 343 383 per
363 340 509 383 septem
530 345 653 372 annos
674 333 822 372 domini
845 333 1078 384 temporales
1107 340 1363 372 exonerarent
1383 346 1449 372 eos
1470 334 1509 371 in
1530 344 1607 383 quo
1620 343 1651 371 of
1661 348 1780 404 pfoverty
1793 345 1821 371 in

272 411 447 454 tempore
476 406 600 443 vivere
630 412 787 454 possent
820 404 967 443 facilius
1002 412 1039 443 et
1069 405 1305 443 conformius
1336 406 1409 455 legi
1441 388 1883 443 Christilffvcffhofflggtc'sslaw.

274 474 476 524 Numquid
496 476 581 525 plus
608 482 798 513 consonat
828 477 973 513 racioni
1002 483 1039 514 et
1068 477 1154 514 fidei
1185 477 1370 525 scripture
1399 477 1505 525 quod
1535 477 1605 515 do-

271 546 366 583 mini
385 547 616 596 temporales
637 548 798 584 subeant
818 548 916 585 istud
937 560 1036 585 onus
1053 560 1171 597 quam
1192 548 1299 597 quod
1320 548 1441 586 clerus
1463 549 1606 586 Christi

240 628 257 661 5
273 618 319 654 sit
338 631 407 667 per
428 618 553 666 ipsum
574 630 596 655 a
617 618 758 655 Christi
782 619 995 657 ministerio
1016 619 1221 668 impeditus
1238 621 1250 656 Ρ
1299 619 1451 657 Fratres
1472 621 1606 658 volunt
1618 628 1778 695 ’ξέἰέἓξῗὲἒ
1787 638 1872 689 {Lazo

272 688 310 725 in
332 689 404 726 isto
423 696 570 737 puncto
595 689 730 726 saltem
752 702 799 727 ex
821 701 889 727 sua
919 690 1158 739 professione
1179 697 1216 727 et
1237 690 1368 739 regula
1388 704 1459 740 pro
1480 692 1603 729 racio-
1617 697 1796 762 {Qffifgrsse
1809 698 1881 728 duty

270 760 464 797 nabilitate
484 760 675 798 dictorum
696 760 945 798 dominorum
965 761 1237 810 temporalium
1257 763 1435 799 attestari.
1465 762 1515 799 Et
1535 763 1604 800 ista
1618 774 1663 798 Au
1678 774 1755 799 three
1769 775 1863 800 orders

270 831 530 868 commutacio
564 831 710 868 videtur
744 843 859 880 posse
890 831 1076 880 prodesse
1106 832 1259 869 cuilibet
1288 833 1402 869 trium
1432 834 1605 882 parcium
1619 808 1722 833 w111be
1736 808 1888 834 benefioed'

49 906 92 936 B.
109 905 203 936 20d.
268 902 424 939 ecclesie
446 902 654 940 militantis.
712 903 918 940 Prodesset
940 903 1044 940 enim
1076 902 1093 922 *
1127 903 1230 941 clero
1260 916 1350 941 cum
1380 904 1504 953 ipsum
1533 917 1604 954 po-
1616 914 1677 972 {rie
1692 914 1849 974 cigrgy,lt]›y

211 983 256 1011 Ὶο
268 980 375 1010 neret
396 973 435 1009 in
457 985 621 1010 numero
642 979 678 1010 et
698 986 880 1010 mensura
902 986 1016 1023 quem
1038 974 1131 1012 deus
1158 975 1356 1023 disposuit,
1378 982 1413 1012 et
1434 977 1604 1013 excussis
1617 957 1707 1007 uffiegr
1720 954 1838 1008 Crffigtf

1616 1015 1685 1043 rule.

268 1045 351 1082 aliis
372 1044 605 1082 secularibus
627 1045 762 1082 officiis
782 1051 818 1082 et
834 1045 917 1082 vitis
938 1045 1180 1094 pompaticis,
1198 1046 1344 1083 clerum
1365 1047 1413 1083 ad
1434 1047 1604 1084 officium

268 1116 507 1165 assignatum
528 1128 549 1152 a
571 1116 726 1153 Christo
746 1129 841 1165 pure
862 1122 898 1154 et
919 1117 1066 1166 integre
1086 1116 1274 1154 limitaret.
1333 1117 1540 1155 Prodesset
1563 1125 1605 1154 20

268 1186 427 1224 brachio
448 1186 619 1224 seculari.
677 1186 837 1225 Dimitto
858 1194 986 1225 autem
1008 1187 1224 1237 profectum
1251 1188 1471 1226 sensibilem
1491 1201 1603 1226 mun-

268 1258 406 1296 dialem
426 1264 462 1295 et
483 1258 687 1296 considero
713 1258 929 1307 profectum
951 1259 1069 1296 alium
1093 1259 1314 1308 spiritalem,
1337 1260 1478 1298 scilicet
1500 1260 1605 1310 quod
1618 1266 1777 1297 Thelords,
1793 1266 1832 1299 by

1618 1300 1702 1333 being
1716 1301 1837 1326 relieved

214 1341 253 1374 15
268 1330 416 1368 domini
436 1329 669 1378 temporales
692 1342 772 1367 non
788 1336 880 1367 tunc
900 1330 1223 1368 necessitarentur
1238 1331 1449 1369 indebitare
1470 1343 1510 1369 se
1530 1338 1603 1369 ter·
1615 1334 1833 1400 {ffgetslgfngeed
1847 1334 1881 1360 Οἵ

267 1401 324 1438 cie
354 1401 452 1449 parti
482 1400 650 1446 ecclesie,
681 1412 752 1438 nec
783 1412 867 1438 esse
897 1401 974 1438 suis
1004 1402 1233 1447 tenentibus,
1255 1409 1294 1439 ut
1315 1402 1452 1439 dicitur
1471 1403 1602 1448 modo,
1615 1402 1767 1428 ¹³b0ure15·

268 1472 420 1510 dotatos
441 1471 661 1509 claustrales
682 1478 717 1509 et
738 1472 835 1509 alios
856 1472 1023 1510 onerosi.
1075 1472 1245 1519 Quando
1266 1474 1369 1510 enim
1390 1474 1604 1512 innaturale

267 1543 481 1581 dominium
511 1542 696 1580 diabolice
726 1542 978 1580 introducitur
1016 1543 1102 1593 plus
1131 1550 1243 1581 vexat
1279 1545 1451 1582 subditos
1487 1558 1606 1595 quam

267 1614 480 1651 dominium
505 1626 526 1650 a
548 1613 708 1651 domino
732 1614 946 1651 limitatum.
1005 1614 1099 1652 Ideo
1129 1616 1294 1653 creditur
1322 1616 1429 1665 quod
1459 1615 1607 1654 domini

213 1701 252 1722 20
266 1685 498 1734 temporales
513 1684 638 1722 forent
650 1685 734 1734 plus
749 1685 1017 1723 misericordes
1034 1693 1071 1723 et
1089 1686 1178 1735 plus
1192 1686 1268 1724 suis
1283 1688 1501 1725 tenentibus
1518 1701 1605 1737 gra-

266 1757 359 1795 ciosi
373 1769 490 1806 quam
511 1756 650 1801 clerici,
664 1757 729 1806 qui
751 1763 886 1794 contra
903 1757 1045 1794 Christi
1061 1758 1208 1795 monita
1224 1765 1311 1795 sunt
1327 1758 1456 1796 dotati.
1487 1759 1537 1796 Et
1551 1759 1604 1797 sic
1616 1768 1846 1828 ffhssliapourgrs,

47 1836 102 1871 B1.
119 1840 190 1869 160
204 1847 234 1870 c.
265 1834 556 1879 prosperaretur
576 1828 692 1865 tercia
713 1840 802 1876 pars
823 1827 982 1866 ecclesie
997 1835 1076 1865 tam
1098 1829 1136 1865 in
1158 1830 1421 1879 corporalibus
1444 1829 1462 1849 *
1485 1843 1602 1880 quarn
1616 1811 1773 1862 τηγειεῐὲἷζιὲ
1807 1808 1879 1828 mer

267 1900 307 1938 in
338 1899 605 1949 spiritualibus.
664 1898 713 1935 Et
744 1906 868 1936 totum
899 1911 1040 1948 corpus
1070 1900 1231 1938 ecclesie
1261 1900 1359 1938 foret
1390 1902 1603 1939 secundum

265 1971 391 2020 legem
422 1970 568 2008 domini
598 1977 863 2019 temperatum.
922 1970 1039 2008 Unde
1063 1971 1210 2008 videtur
1237 1972 1469 2020 quibusdam
1499 1974 1605 2022 quod

213 2053 252 2086 25
268 2043 328 2080 ille
349 2049 403 2080 est
423 2042 586 2079 infidelis
609 2042 779 2086 domino,
801 2048 838 2079 et
859 2042 1077 2091 cuicunque
1107 2043 1206 2091 parti
1234 2044 1393 2081 ecclesie
1416 2051 1601 2094 tanquam
1616 2052 1680 2080 God
1694 2056 1776 2086 grant
1789 2053 1851 2079 that

1615 2088 1663 2112 the
1677 2087 1755 2113 three
1768 2088 1864 2113 orders

266 2113 440 2162 proditor
461 2119 576 2163 atque
596 2112 797 2158 hereticus,
822 2113 887 2161 qui
909 2113 967 2149 isti
989 2114 1183 2151 sentencie
1204 2115 1438 2152 contradicit.
1486 2115 1602 2165 Rogo
1615 2127 1772 2180 Ἠέθὲτὲἑὲ
1786 2121 1815 2180 {ss
1829 2154 1876 2180 the

267 2184 382 2222 deum
418 2184 522 2234 quod
556 2191 710 2222 moveat
741 2190 900 2221 cunctas
932 2190 1008 2222 tres
1041 2191 1168 2233 partes
1200 2186 1359 2223 ecclesie
1388 2193 1428 2223 ut
1457 2187 1603 2225 veritati
1615 2188 1735 2248 Ξὲξξεζο
1749 2188 1805 2214 this

266 2255 459 2294 fructuose
500 2256 753 2294 consenciant
793 2256 832 2292 in
872 2255 944 2293 hac
985 2262 1105 2305 parte.
1184 2257 1353 2306 Explicit
1400 2258 1602 2307 speculum

267 2328 427 2366 ecclesie
447 2328 654 2365 militantis.

313 2453 342 2484 5.
366 2443 540 2484 idem‚pro
556 2444 675 2484 ipsum,
693 2450 725 2481 B,
739 2442 771 2473 Β1
786 2454 794 2481 ;
818 2442 913 2482 illud,
927 2451 957 2474 C.
1032 2453 1080 2484 14.
1105 2444 1321 2485 spiritualem,
1340 2453 1372 2484 Β,
1386 2445 1432 2485 ΒῙ,
1446 2454 1477 2478 C.
1558 2456 1606 2489 17.

267 2506 431 2534 onerosos,
450 2503 482 2534 Β,
497 2495 541 2531 El,
553 2504 584 2527 C.
646 2504 694 2525 21.
719 2495 767 2526 hii
785 2496 906 2534 clerici,
924 2495 966 2533 13¹,
981 2503 1011 2526 C.
1072 2495 1121 2526 26.
1147 2497 1244 2538 Rogo
1261 2497 1371 2538 igitur,
1388 2506 1417 2534 Β,
1430 2498 1482 2534 B¹;
1509 2499 1607 2541 Rogo

266 2560 353 2590 ergo,
371 2556 403 2580 C.
498 2556 546 2589 27.
571 2548 660 2586 istas,
673 2552 737 2588 pro
754 2553 899 2586 cunctas,
918 2556 950 2586 Β,
965 2556 997 2579 C.
1088 2549 1229 2586 veritati,
1247 2560 1308 2581 om.
1328 2549 1372 2580 13¹.
1465 2552 1515 2583 28.
1533 2557 1609 2593 post

266 2606 360 2642 parte
375 2611 436 2641 seq.
455 2601 519 2632 Cui
536 2601 643 2631 honor
659 2605 691 2630 et
708 2600 889 2641 imperialis
905 2603 1052 2641 potestas
1068 2610 1126 2640 per
1139 2600 1267 2631 infinita
1284 2601 1394 2633 secula
1410 2604 1606 2636 seculorum.

268 2654 375 2684 Amen
387 2657 448 2683 etc.
467 2655 563 2692 (tunc
574 2653 626 2683 lit.
642 2653 731 2692 rub.)
755 2652 930 2683 Correctus
943 2656 991 2683 est
1008 2662 1094 2683 anno
1111 2652 1236 2683 domini
1254 2659 1516 2685 M0CCCC⁰X1111⁰
1532 2661 1607 2697 post

268 2705 387 2736 festum
412 2704 550 2746 Georgii
574 2705 655 2735 feria
679 2708 779 2740 sexta,
804 2712 836 2736 B.
899 2704 1048 2745 Explicit
1072 2705 1246 2745 Dyalogus
1270 2705 1423 2747 Magistri
1445 2707 1606 2748 Johannis

270 2757 355 2788 Wic.
373 2757 417 2789 B².
465 2757 508 2788 Et
524 2758 571 2788 sic
587 2762 635 2788 est
652 2756 725 2787 finis
741 2756 909 2788 tractatuli
927 2757 975 2787 M.
990 2757 1043 2797 Jo.
1061 2757 1116 2788 W.
1133 2757 1261 2789 scilicet
1277 2758 1412 2800 dyalog.
