2095 3381
191 261 245 301 92
708 252 972 285 SPECULUM
1005 250 1238 283 ECCLESIE
1272 250 1579 283 MILITANTIS.

471 383 594 409 unum
628 370 961 420 predicamentum
998 367 1106 418 quod
1137 368 1177 405 fit
1206 379 1390 406 mensura
1429 367 1605 405 omnium
1640 366 1816 413 aliorum,

470 442 714 480 attendamus
744 442 905 479 fideliter
934 440 983 477 ad
1012 440 1088 478 hoc
1118 440 1460 489 predicamentum,
1485 439 1591 487 quod
1620 438 1696 476 hoc
1726 439 1818 476 dicit

471 514 653 551 dominus
677 513 736 550 vel
766 526 812 550 ex
843 512 927 562 lege
954 523 1033 557 sua,
1055 524 1150 560 ergo
1180 510 1254 548 hoc
1284 516 1341 548 est
1370 510 1622 547 insolubiliter
1644 508 1662 528 *
1685 510 1816 547 obser·
1831 512 1875 543 D.
1893 513 1940 546 79
1955 520 1985 543 c.

467 586 650 622 vandum.
709 584 786 622 Sed
808 585 898 634 quia
919 583 1230 622 consuetudines
1251 583 1290 619 in
1310 583 1383 620 isto
1406 582 1598 627 deficiunt,
1621 582 1708 620 ideo
1729 589 1818 620 sunt

467 657 584 695 nichil
630 663 694 694 aut
741 656 941 694 modicum
985 668 1007 692 a
1046 655 1222 692 fidelibus
1265 654 1530 703 ponderande.
1602 652 1850 693 ErubescatS

469 741 563 778 ergo
598 729 798 765 maniacus
829 727 1015 766 occiduus
1054 727 1093 763 in
1123 727 1196 764 ista
1230 726 1412 775 argucia:
1452 725 1538 763 talis
1575 725 1817 763 consuetudo

468 801 508 837 in
536 807 669 838 nostra
690 806 890 838 contracta
915 800 995 836 sine
1017 798 1306 848 approbacione
1328 797 1475 835 domini
1497 803 1553 834 est
1575 796 1816 842 confirmata,

182 877 237 909 (iii)
250 876 290 902 As
303 881 332 903 to
345 876 394 902 the
469 885 564 922 ergo
595 878 650 909 est
669 871 863 908 katholice
891 870 1146 908 observanda.
1204 869 1255 906 Et
1284 882 1354 918 per
1374 869 1450 906 hoc
1480 875 1584 918 patet
1613 868 1817 917 responsio

184 912 224 937 Po
247 921 270 941 e,
288 911 312 936 if
322 911 406 936 Peter

182 921 332 975 efflffflsim
349 945 434 971 much
469 944 518 981 ad
539 944 697 981 terciam
719 943 920 992 arguciam
951 942 1092 979 factam
1123 941 1170 978 de
1200 953 1315 990 papa,
1339 940 1598 989 supponendo
1627 946 1669 977 ut
1698 939 1816 977 fidem

183 988 260 1005 more
275 988 327 1005 can
340 979 384 1004 he.
467 1015 575 1065 quod
605 1015 686 1064 ipse
716 1026 879 1063 peccare
910 1019 946 1051 et
975 1025 1102 1050 errare
1133 1012 1272 1061 poterit
1301 1018 1342 1048 ut
1371 1011 1486 1048 ceteri
1513 1011 1689 1049 viatores.
1752 1011 1814 1049 Sic
1834 1022 1874 1045 10

467 1088 570 1125 enim
593 1086 768 1124 Christus
789 1084 978 1123 ordinavit
1000 1084 1156 1121 Petrum
1177 1083 1231 1120 sic
1255 1095 1440 1132 peccasse
1467 1089 1555 1120 ante
1584 1083 1813 1121 missionem

468 1159 622 1208 spiritus
662 1158 784 1195 sancti
819 1164 855 1194 et
889 1162 978 1206 post
1013 1156 1128 1192 illam.
1187 1155 1236 1192 Et
1277 1155 1394 1193 credo
1433 1154 1538 1204 quod
1579 1155 1706 1192 nullus
1744 1166 1818 1204 pro

467 1230 697 1268 verecundia
737 1229 893 1266 audebit
926 1227 1053 1265 dicere
1093 1227 1200 1276 quod
1236 1226 1371 1264 Petrus
1406 1232 1494 1276 post
1525 1233 1605 1263 tam
1640 1233 1816 1264 sanctam

466 1303 583 1339 vitam
613 1302 682 1339 fuit
711 1301 837 1350 magis
865 1300 1075 1349 peccabilis
1105 1311 1224 1349 quam
1248 1305 1304 1335 est
1324 1311 1437 1348 papa.
1499 1298 1538 1335 Si
1570 1311 1664 1348 ergo
1694 1310 1819 1347 genus

468 1375 559 1412 cleri
592 1386 715 1422 usque
749 1373 787 1409 in
824 1372 1031 1409 adventurn
1068 1370 1283 1408 antichristi
1317 1370 1356 1406 in
1392 1370 1560 1407 deterius
1601 1369 1874 1416 retrocedit,15

468 1445 623 1483 evidens
640 1451 696 1482 est
716 1444 857 1489 multis,
871 1443 975 1493 quod
1000 1443 1046 1480 sit
1068 1454 1203 1480 recens
1224 1448 1260 1479 et
1281 1441 1528 1491 plenissimus
1554 1441 1817 1480 antichristus,

469 1518 569 1565 Quis
602 1530 696 1567 ergo
730 1517 879 1553 timeret
914 1516 1026 1552 istam
1062 1514 1284 1563 arguciam:
1325 1513 1414 1562 Ipse
1449 1513 1531 1550 sine
1571 1513 1730 1551 racione
1758 1513 1819 1551 vel

468 1589 704 1627 fundacione
736 1588 926 1637 scripture
957 1587 1010 1624 sic
1041 1586 1176 1624 asserit
1197 1585 1255 1622 vel
1285 1585 1614 1630 excommunicat,
1637 1597 1732 1635 ergo
1762 1592 1820 1623 est

468 1673 535 1699 sue
558 1660 752 1698 sentencie
780 1672 802 1696 a
823 1658 971 1696 cunctis
993 1658 1171 1695 fidelibus
1202 1656 1480 1694 insistendum:
1511 1669 1603 1694 cum
1628 1657 1674 1693 sit
1704 1669 1819 1706 argu-

469 1739 644 1770 mentum
660 1732 833 1781 topicum
847 1731 885 1768 in
901 1742 979 1780 quo
998 1729 1281 1767 racionabiliter
1294 1728 1531 1766 contrarium
1548 1728 1817 1767 concluditur?
1835 1745 1876 1767 20

184 1803 232 1829 He
246 1803 269 1829 1³
282 1802 451 1829 neitherthe
474 1803 623 1842 Fideles
645 1816 738 1853 ergo
759 1804 832 1841 sibi
856 1802 1156 1852 propinquiores
1186 1801 1311 1850 magis
1341 1800 1558 1849 percipiunt
1587 1799 1700 1837 istam
1731 1812 1818 1838 sen-

183 1838 257 1863 head
271 1838 303 1863 of
312 1838 359 1863 the
374 1837 435 1863 uni-

183 1872 274 1897 Vffial
289 1872 404 1902 Chumh’
472 1878 650 1922 tendam,
672 1883 707 1914 et
728 1881 831 1925 patet
851 1874 957 1924 quod
977 1874 1115 1911 falsum
1137 1873 1353 1917 assumitur,
1376 1871 1482 1921 quod
1502 1883 1605 1921 papa
1626 1872 1673 1909 sit
1692 1872 1820 1922 capud

184 1914 235 1931 nor
247 1906 353 1931 Peter's
363 1905 450 1936 vicar,

184 1939 378 1966 ”O'Chri⁵‘'⁵'
472 1949 696 1987 universalis
736 1947 898 1985 ecclesie
934 1946 954 1968 ³¹⁴
991 1945 1050 1983 vel
1089 1944 1190 1982 Petri
1225 1944 1389 1981 vicarius
1428 1943 1487 1981 vel
1526 1943 1688 1981 vicarius
1727 1943 1820 1993 Jesu
1834 1950 1936 1984 C.27
1951 1952 1988 1982 b.

472 2021 625 2066 Christi,
648 2020 716 2058 sed
746 2019 844 2056 inter
865 2029 1003 2056 omnes
1034 2016 1215 2054 mortales
1237 2017 1286 2053 ab
1306 2015 1377 2052 illis
1406 2015 1575 2052 maxime
1604 2015 1819 2063 elongatur.

470 2093 567 2130 Ideo
599 2093 637 2129 in
666 2092 751 2138 isto,
776 2090 885 2128 sicud
910 2090 949 2126 in
974 2089 1058 2126 aliis
1089 2088 1326 2137 argumentis
1353 2087 1557 2136 prioribus,
1579 2086 1819 2124 adversarius
1835 2100 1875 2133 25

469 2165 527 2202 vel
548 2164 687 2201 salsum
717 2162 888 2208 assumit,
918 2161 977 2198 vel
1006 2160 1045 2196 in
1076 2159 1233 2209 sequela
1264 2159 1403 2204 deficit,
1424 2158 1483 2195 vel
1513 2158 1668 2195 silenter
1698 2158 1821 2196 innuit

469 2244 641 2275 nostram
662 2235 899 2273 sentenciam
921 2245 1004 2270 esse
1024 2244 1165 2269 veram.
1198 2230 1303 2277 Quia
1323 2237 1399 2276 aut,
1416 2236 1457 2267 ut
1475 2230 1658 2268 Averrois
1673 2231 1819 2277 asserit,

470 2308 607 2345 veritas
647 2313 808 2344 testatur
846 2304 1109 2354 multipliciter
1148 2303 1219 2341 sibi
1260 2303 1343 2352 ipsi,
1376 2308 1412 2339 et
1443 2301 1657 2339 secundum
1688 2302 1819 2340 fideles

469 2380 649 2418 doctores
674 2379 721 2416 de
744 2384 890 2428 quanto
906 2377 1043 2414 veritas
1064 2375 1151 2425 plus
1172 2375 1314 2420 teritur,
1337 2373 1384 2411 de
1405 2379 1512 2411 tanto
1534 2373 1710 2411 fidelibus
1730 2373 1820 2423 plus

470 2451 683 2490 redolescit.
1835 2460 1878 2491 30

185 2529 275 2590 ffltginrgi
288 2538 371 2563 argu·
470 2539 476 2561 :
528 2523 670 2561 Tercio
700 2521 962 2572 principaliter
992 2525 1158 2569 arguunt
1188 2517 1395 2555 adversarii
1423 2517 1520 2566 legis
1551 2516 1623 2563 dei,
1645 2517 1821 2555 videntes

474 2595 580 2645 quod
603 2594 840 2632 auctoritatis
861 2593 956 2641 legis
979 2592 1039 2629 dei
1064 2591 1081 2610 *
1104 2596 1293 2639 expertes,
1319 2602 1387 2638 per
1416 2589 1615 2626 racionem
1638 2588 1820 2638 sophisti-
1835 2595 1879 2625 D.
1898 2594 1946 2626 79
1960 2595 1995 2624 d.

187 2677 250 2703 The
265 2678 371 2711 clergy,
387 2677 427 2704 in·
475 2679 561 2705 cam
584 2666 803 2715 palliatam:
832 2663 1086 2700 Manifestum
1108 2669 1177 2708 est,
1196 2661 1387 2710 inquiunt,
1404 2660 1510 2710 quod
1530 2661 1601 2697 ista
1622 2661 1822 2698 sentencia

185 2712 269 2738 mad
283 2713 315 2738 Of
474 2746 531 2777 est
562 2737 754 2775 contraria
784 2736 943 2780 racioni,
965 2735 1058 2784 quia
1088 2734 1221 2780 innuit,
1253 2733 1360 2783 quod
1391 2733 1531 2778 clerici,
1563 2733 1628 2781 qui
1659 2733 1705 2770 de
1735 2733 1821 2782 lege

524 2841 549 2862 1.
577 2830 705 2871 sit,pr0
722 2829 771 2867 sit,
789 2827 832 2858 13¹.
983 2835 1011 2866 5.
1037 2825 1177 2867 vel,pr0
1193 2829 1261 2863 aut,
1279 2833 1308 2863 C,
1325 2833 1361 2856 D.
1508 2833 1560 2864 31.
1585 2824 1746 2860 ludentes,
1757 2829 1822 2865 pro

473 2884 631 2921 videntes,
652 2890 681 2921 C,
702 2890 736 2913 D.
807 2890 857 2921 32.
886 2883 960 2911 sunt
978 2883 1135 2921 expertes,
1154 2886 1183 2917 C,
1203 2886 1237 2909 D.
1309 2887 1359 2918 34.
1385 2881 1474 2909 cont.
1493 2880 1550 2915 est,
1569 2877 1636 2908 ord.
1655 2877 1725 2910 inv.
1739 2884 1772 2916 C,
1785 2885 1819 2908 D.
