2095 3381
192 212 245 251 60

191 630 230 655 As
246 629 287 655 sor
303 628 421 661 princes'

191 663 388 693 ratiiications,

190 697 269 722 these
282 706 329 722 are
343 696 454 729 nought

190 731 302 764 against
317 731 420 757 Christ.

190 917 235 943 All
251 916 329 942 these
343 916 427 949 papal

191 952 259 976 lau-s
272 952 366 976 defeat
381 951 428 976 the

190 985 253 1010 fifth
267 986 428 1010 command-

191 1025 266 1044 ment
281 1019 319 1051 by
333 1019 444 1051 depriv-

191 1053 239 1085 ing
253 1053 345 1079 future
359 1062 442 1085 gene-

190 1087 297 1112 rations
311 1088 341 1113 of
351 1088 399 1112 the

191 1130 286 1146 means
298 1122 330 1147 of
339 1122 459 1147 honour-

190 1155 238 1188 ing
253 1156 300 1181 the
315 1155 438 1182 Church.

191 1607 293 1633 Mend.
308 1606 416 1639 objects
429 1614 435 1633 ;

193 1746 283 1772 Lords
298 1755 363 1778 may
377 1746 449 1778 keep

191 1790 230 1813 up
244 1790 260 1805 a
273 1786 356 1813 grant
369 1781 402 1806 of

190 1815 296 1840 annual
311 1820 386 1840 rents

192 1849 274 1874 made
288 1849 325 1880 by
339 1848 413 1874 their

192 1889 347 1909 ancestors.

194 2034 231 2060 So
245 2033 293 2059 the
308 2032 449 2065 Lordsbip

194 2068 315 2093 remains
329 2068 355 2093 in
371 2068 417 2092 the

194 2102 303 2127 secular
316 2101 416 2131 hands,

194 2136 250 2161 and
265 2136 311 2160 the
326 2135 408 2161 fruits

194 2170 262 2201 only
274 2178 311 2202 go
325 2175 354 2195 to
367 2170 414 2194 the

195 2204 301 2236 clergy,

195 2326 273 2358 Why
287 2325 354 2351 then
369 2335 435 2358 may

196 2367 244 2386 not
259 2361 333 2386 lords
347 2369 456 2392 convey

197 2394 356 2426 ownership
371 2394 429 2419 and

196 2437 263 2454 save
277 2428 407 2454 trouble?

199 2528 355 2561 Following
370 2529 417 2554 the

197 2564 325 2595 example
340 2563 371 2589 of
382 2564 428 2588 the

197 2598 329 2629 apostles‚
346 2597 393 2622 the

197 2634 293 2663 clergy
308 2640 372 2663 may
386 2630 440 2656 dis-

200 2665 303 2690 tribute
319 2666 397 2690 these

198 2700 269 2724 alins
284 2705 312 2725 to
327 2699 373 2724 [lie
388 2708 463 2732 poor.

717 223 975 256 SPECULUM
1010 223 1239 255 ECCLESIE
1274 223 1583 254 MILITANTIS.

475 338 551 376 Sed
587 341 712 378 sciant
743 342 932 379 mundani
962 342 1157 392 principes
1188 342 1295 391 quod
1327 341 1469 379 durum
1499 348 1555 379 est
1586 353 1652 379 eos
1683 346 1820 378 contra

473 411 670 448 stimulum
699 413 897 451 calcitrare
920 426 1009 451 cum
1032 414 1247 452 defendens
1268 413 1506 463 proditorem
1527 412 1683 450 incurrit
1703 419 1743 449 ut
1765 412 1819 449 sic

472 490 679 531 peccatum
699 484 955 533 proditorium
978 485 1124 523 domini
1147 482 1351 537 capitalis]

527 554 577 591 Et
599 562 788 604 quantum
803 556 852 593 ad
870 557 1095 606 juramenta
1115 569 1322 606 procerum
1337 563 1374 594 et
1390 562 1516 593 cartas
1535 554 1552 574 ’³‘
1569 568 1706 593 eorum
1726 555 1818 592 istas
1833 560 1890 593 Bl.
1907 563 1977 592 158
1991 571 2023 593 a.

472 625 718 675 elemosynas
758 628 1047 674 confirmantes,
1084 634 1191 678 patet
1220 627 1327 678 quod
1358 639 1440 665 non
1469 634 1527 664 est
1553 628 1818 677 juramentum
1834 643 1851 675 5

473 697 532 735 vel
562 706 668 735 carta
699 706 833 737 contra
864 699 1081 746 dominum,
1111 699 1180 738 sed
1209 700 1343 738 onmia
1373 699 1437 736 illa
1464 698 1717 737 conformiter
1745 698 1822 747 legi

474 761 620 807 domini
656 783 745 808 cum
784 771 996 821 prudencia
1036 772 1166 821 sagaci
1206 771 1456 809 festinancius
1496 777 1584 808 sunt
1624 769 1820 807 solvenda.
1835 780 1877 809 Β.
1894 779 1938 808 16
1953 780 1988 809 b.

473 840 524 878 Et
558 841 807 880 conformiter
837 843 972 881 dicitur
1013 844 1060 881 de
1094 843 1245 893 legibus
1280 843 1483 893 papalibus
1518 843 1559 880 in
1587 842 1661 880 hac
1700 847 1821 891 parte,

473 914 605 950 omnia
626 914 728 951 enim
751 914 840 952 talia
867 915 1044 953 videntur
1071 928 1205 965 sapere
1231 922 1366 953 contra
1392 915 1561 964 primum
1591 914 1821 951 mandatum
1835 923 1899 953 114
1911 923 1948 954 b.

474 985 644 1023 secunde
666 986 795 1023 tabule
816 986 863 1024 de
879 986 1033 1024 Christo
1054 993 1161 1036 patre
1183 993 1219 1024 et
1240 993 1361 1024 matre
1378 987 1540 1024 ecclesia
1555 985 1795 1024 honorandis
1811 999 1820 1033 3
1837 997 1878 1019 το

472 1064 509 1093 et
531 1058 584 1094 sic
607 1058 788 1107 antiquus
810 1058 957 1095 dierum
980 1066 1059 1095 tam
1076 1058 1290 1097 omittendo
1312 1071 1430 1107 quam
1452 1059 1579 1107 legem
1601 1057 1820 1104 condendo,

473 1136 648 1178 patenter
678 1130 792 1166 istam
824 1130 1032 1167 stulticiam
1060 1130 1291 1179 reprobavit.
1350 1129 1467 1167 Unde
1494 1129 1593 1167 inter
1620 1129 1712 1167 alias
1733 1141 1822 1166 cau-

474 1201 568 1238 telas
590 1201 732 1238 diaboli
753 1201 824 1239 hec
845 1208 902 1239 est
923 1214 1001 1239 una
1022 1202 1127 1252 quod
1149 1209 1311 1251 peccata
1332 1214 1407 1252 que
1428 1202 1639 1240 introduxit
1659 1201 1821 1239 subdole

474 1272 643 1321 baptizat
664 1273 824 1310 nomine
846 1273 1058 1312 elemosine
1078 1273 1136 1311 vel
1157 1274 1314 1312 virtutis.

916 1489 1245 1527 CAPITULUM
1281 1503 1298 1527 2
1308 1497 1375 1538 9¹11.
1839 1508 1850 1529 1
1859 1509 1876 1540 5

531 1593 791 1633 MENDAcruM.
816 1594 834 1613 '⁸‘
860 1594 935 1633 Sed
965 1596 1091 1633 adhuc
1114 1596 1348 1645 repplicatur
1375 1596 1579 1646 specialius
1600 1595 1707 1646 quod
1736 1596 1822 1633 licet
1835 1605 1912 1634 118.

475 1665 635 1703 clericus
657 1667 710 1703 sic
739 1666 873 1704 dotari.
934 1666 1039 1704 Nam
1070 1667 1162 1705 nulli
1190 1667 1350 1705 dubium
1379 1668 1473 1717 quin
1503 1668 1651 1706 domini
1672 1674 1823 1716 tempo-

474 1740 572 1777 rales
596 1748 759 1790 possunt
785 1754 853 1791 per
881 1754 1028 1778 annum
1053 1742 1144 1779 dare
1172 1742 1342 1779 redditus
1374 1755 1532 1780 suorum
1562 1742 1824 1781 dominiorum

475 1812 513 1848 in
535 1825 696 1849 manum
719 1821 915 1851 mortuam
945 1821 981 1851 et
1009 1814 1188 1851 fratribus
1216 1814 1462 1863 optinendos,
1485 1820 1522 1852 et
1543 1827 1610 1863 per
1631 1813 1734 1851 idem
1755 1826 1824 1863 per

476 1890 823 1934 quantumcunque
851 1886 1058 1935 temporis;
1090 1886 1207 1923 etiam
1233 1886 1287 1923 sic
1312 1886 1453 1923 servari
1482 1893 1648 1935 possunt
1678 1886 1823 1924 elemo-
1839 1904 1879 1926 20

478 1957 559 1993 sine
594 1963 780 2006 perpetue
811 1970 832 1994 a
863 1958 1172 2007 progenitoribus
1203 1971 1391 1996 concessa
1422 1972 1491 2008 per
1520 1959 1824 2008 generacionem

475 2041 523 2065 ex
546 2029 606 2066 dei
627 2029 856 2066 ordinancia
878 2030 1166 2067 succedentem.
1224 2030 1306 2068 Stat
1330 2043 1424 2080 ergo
1446 2031 1586 2068 servari
1607 2030 1826 2068 dominium

474 2101 513 2137 in
544 2113 663 2138 manu
695 2101 918 2151 principalis
948 2102 1097 2140 domini
1130 2102 1323 2148 secularis,
1354 2109 1391 2141 et
1421 2115 1545 2153 genus
1576 2103 1825 2140 sacerdotum

476 2184 545 2221 per
593 2180 940 2223 quantumcunque
981 2180 1133 2223 tempus
1183 2175 1418 2212 racionabile
1468 2175 1666 2224 percipere
1706 2187 1825 2224 puros

479 2243 648 2291 fructus3
675 2245 727 2282 sic
750 2245 854 2281 enim
876 2251 1037 2294 possent
1053 2246 1178 2283 vivere
1200 2246 1386 2284 continue
1403 2246 1440 2283 in
1462 2253 1684 2295 paupertate
1706 2259 1824 2283 evan·
1840 2261 1878 2293 25

478 2314 601 2363 gelica
630 2322 667 2352 et
706 2317 941 2365 pauperibus
974 2317 1198 2355 distribuere
1231 2318 1392 2355 fideliter
1431 2318 1536 2368 quod
1567 2325 1739 2367 superest
1778 2318 1824 2355 de

478 2387 699 2424 elemosinis
722 2388 792 2425 sibi
814 2388 924 2425 datis.
983 2388 1114 2435 Quare
1139 2402 1234 2439 ergo
1255 2402 1336 2426 non
1358 2389 1445 2427 licet
1467 2390 1635 2427 dominis
1658 2391 1712 2427 sic
1735 2390 1826 2428 dare

482 2469 570 2495 suas
592 2458 826 2496 elemosinas
843 2460 1095 2498 exonerando
1117 2473 1156 2497 se
1179 2467 1216 2498 et
1234 2472 1324 2498 suos
1342 2462 1538 2510 posteros?
1582 2461 1632 2498 Et
1653 2474 1699 2498 ex
1717 2469 1826 2511 parte

480 2529 599 2566 altera
639 2530 725 2567 licet
765 2531 913 2568 clericis
953 2532 1164 2580 prudenter
1204 2532 1430 2569 distribuere
1470 2532 1539 2570 has
1580 2533 1826 2579 elemosinas,

480 2601 575 2637 sicut
607 2601 771 2650 apostoli
802 2609 839 2638 et
871 2601 1026 2640 diaconi
1062 2603 1246 2648 fecerunt,
1278 2610 1319 2640 ut
1351 2610 1456 2652 patet
1486 2610 1559 2641 act.
1594 2605 1660 2649 60;
1704 2611 1741 2641 et
1772 2604 1825 2642 sic
1840 2608 1923 2640 Acts
1941 2607 1984 2639 vi.
2009 2616 2048 2638 1—

1842 2662 1871 2693 3.

526 2711 555 2740 4.
584 2700 725 2731 cartulas
743 2701 825 2741 (pro
843 2701 984 2740 cartas):
1007 2712 1135 2739 corum,
1150 2712 1211 2733 om.
1231 2709 1260 2739 R,
1277 2702 1318 2739 B',
1336 2710 1366 2733 C.
1496 2711 1544 2743 19.
1572 2703 1688 2738 eciam,
1701 2707 1764 2743 pro
1781 2708 1824 2740 et,

484 2760 513 2786 Β,
532 2753 573 2790 κ’,
590 2761 621 2784 C.
736 2763 783 2784 20.
810 2758 949 2794 tempus,
961 2758 1026 2794 pro
1044 2754 1211 2795 temporis,
1228 2763 1256 2791 lt,
1274 2754 1317 2791 13¹,
1332 2762 1361 2785 C.
1414 2759 1455 2792 ct,
1468 2759 1531 2795 pro
1548 2754 1657 2791 etiam,
1680 2762 1708 2792 Β,
1730 2754 1772 2792 13¹,
1793 2763 1824 2786 C.

489 2815 536 2835 22.
563 2805 648 2839 licet,
662 2810 725 2845 pro
742 2810 815 2843 stat,
837 2814 866 2843 n,
888 2806 930 2843 ιζ’,
950 2815 979 2836 c.
1113 2816 1160 2847 25.
1188 2812 1308 2847 posset,
1330 2807 1370 2844 13¹,
1390 2816 1421 2838 c.
1559 2816 1609 2845 30,
1635 2812 1664 2837 et
1684 2806 1825 2843 diaconi,

485 2860 545 2880 om.
568 2857 592 2886 iz,
613 2851 699 2884 νὰς.
748 2850 917 2890 sicut‚pro
934 2851 989 2887 sie,
1013 2858 1042 2887 ιι,
1060 2851 1100 2886 13¹,
1116 2860 1145 2881 (¹.
