2095 3381
242 221 299 276 36
765 232 1025 265 SPECULUM
1058 231 1288 264 ECCLESIE
1322 232 1631 265 MILITANTIS.

525 355 716 399 cognatos
747 349 787 386 in
822 348 1020 398 apostolos
1050 349 1154 398 ipsos
1182 362 1205 387 a
1238 349 1438 387 mundana
1468 349 1658 399 superbia,
1692 347 1710 367 *
1743 361 1765 386 a
1794 349 1871 387 vita
1886 359 2019 389 Qua.
2089 261 2094 450 ἰ

524 421 758 470 voluptuosa
778 427 815 458 et
835 420 999 458 avaricia
1030 420 1226 466 coartavit,
1248 428 1285 458 et
1305 421 1418 458 istam
1447 421 1622 470 regulam
1643 419 1871 459 Christianis

524 492 688 543 posteris
718 492 934 537 reservavit,
961 492 1051 541 quia
1076 492 1118 541 jo
1148 505 1190 541 13
1221 492 1312 530 dicit
1344 492 1449 542 ipse:
1479 492 1713 530 fllandatum
1738 504 1870 530 novum
1884 494 1973 535 John
1990 493 2060 526 xiii-

525 566 568 601 do
597 564 698 601 vobis
732 568 775 601 ut
811 564 984 612 diligatis
1013 564 1166 601 invicem
1180 579 1200 609 ,·
1240 566 1338 602 sicul
1369 569 1403 601 el
1433 577 1496 613 ego
1526 565 1653 602 dilexi
1677 578 1740 602 vos
1768 569 1810 601 ut
1841 570 1875 602 el
1887 547 1938 581 34·

524 649 588 674 vos
621 638 776 673 invicem
807 636 987 685 diligatis.
1045 635 1096 674 Et
1128 643 1233 686 patet
1268 637 1374 686 quod
1413 637 1595 686 operacio
1634 637 1903 687 prelatorum5

524 708 763 758 hujusmodi,
799 708 897 746 sicut
935 715 973 746 et
1002 709 1184 758 operacio
1220 709 1377 754 luciferi,
1410 715 1539 759 potest
1578 709 1872 748 occasionaliter

525 780 647 817 multa
668 786 829 829 peccata
850 780 1098 829 extinguere;
1131 780 1231 818 sicut
1251 788 1287 818 et
1312 787 1439 829 potest
1459 781 1589 818 vocari
1602 781 1815 820 elemosina
1836 789 1874 820 et
2094 795 2095 823 1

240 860 329 886 What
344 859 368 886 is
382 860 472 894 really
525 851 652 889 honor
681 863 893 901 regnorum
923 851 1029 900 quod
1059 859 1116 889 est
1145 852 1343 890 bonorum
1375 864 1592 902 pauperum
1620 852 1806 902 spoliacio
1835 860 1873 891 et

240 894 364 927 robbery
377 895 409 920 os
419 895 466 921 the

239 929 440 995 ssgsssreffil'fg‘}
524 924 722 973 flagicium
752 930 889 961 contra
919 923 1115 973 simplices
1144 923 1307 961 ecclesie
1338 924 1533 962 militantis
1548 937 1558 971 ;
1589 931 1626 961 et
1658 924 1742 962 talis
1777 937 1874 963 con-

239 996 312 1056 ἷξε
325 997 490 1030 orpatriot-
524 997 697 1034 versacio
719 1008 799 1033 non
831 995 927 1034 foret
957 995 1082 1033 honor
1112 1007 1322 1044 regnorum
1352 996 1430 1034 sive
1461 996 1611 1042 utilitas,
1634 997 1703 1034 sed
1730 996 1873 1035 diaboli
1890 1005 1930 1027 10

525 1068 771 1106 machinacio
802 1068 1033 1106 introducta.
1094 1067 1157 1105 Sic
1191 1079 1285 1116 ergo
1320 1067 1557 1117 prelatorum
1591 1068 1726 1106 divicie
1757 1076 1874 1119 atque

526 1140 705 1178 nobilitas
726 1147 892 1189 possunt
913 1152 998 1177 esse
1019 1139 1178 1178 occasio
1199 1146 1278 1177 tam
1300 1140 1455 1189 prelatis
1476 1152 1594 1190 quarn
1615 1141 1697 1179 aliis
1717 1141 1767 1178 ad
1783 1154 1875 1191 pec-

526 1212 697 1250 candum
712 1212 905 1261 superbia,
928 1211 1105 1258 avaricia,
1128 1219 1243 1261 atque
1263 1212 1365 1261 gula,
1382 1219 1419 1249 et
1432 1219 1596 1261 possunt
1617 1225 1701 1251 esse
1718 1214 1875 1252 occasio

525 1284 575 1322 ad
589 1290 669 1321 tarn
691 1284 761 1321 sibi
783 1296 901 1333 quarn
916 1284 1079 1322 ecclesie
1094 1284 1398 1333 promerendum
1415 1299 1423 1322 :
1455 1291 1492 1322 et
1512 1285 1584 1322 nisi
1606 1285 1725 1323 assint
1745 1286 1875 1335 gracia

525 1364 563 1395 et
583 1357 699 1394 virtus
724 1356 873 1405 primus
894 1356 1055 1393 effectus
1076 1356 1237 1406 contigit
1259 1357 1507 1395 communius
1529 1369 1647 1406 quarn
1670 1358 1874 1396 secundus.
1892 1365 1929 1397 15

524 1428 621 1467 Ideo
651 1428 851 1466 videamus
877 1428 1179 1478 disposicionem
1212 1427 1230 1447 ³¹<
1263 1440 1383 1477 quarn
1414 1428 1590 1467 Christus
1621 1430 1795 1469 adhibuit
1826 1431 1877 1469 ad
1890 1431 2016 1462 B.9d.

525 1501 849 1550 consequendum
871 1500 1046 1550 graciam
1066 1507 1103 1538 et
1123 1500 1279 1538 virtutes
1293 1514 1302 1548 ;
1334 1508 1371 1539 et
1398 1501 1456 1538 vel
1484 1508 1637 1551 oportet
1658 1503 1876 1541 concedere

525 1572 632 1621 quod
665 1571 841 1610 Christus
881 1572 949 1610 suit
987 1572 1126 1618 fatuus,
1158 1572 1217 1609 vel
1256 1573 1363 1622 quod
1403 1575 1609 1624 pauperies
1641 1587 1761 1624 quarn
1793 1575 1876 1624 ipse

239 1654 364 1688 Though
377 1654 501 1687 prelates
525 1644 715 1694 disposuit
745 1644 832 1694 plus
864 1644 1036 1693 disponit
1056 1644 1263 1694 episcopos
1294 1645 1344 1682 ad
1364 1645 1532 1684 virtutes.
1592 1646 1677 1685 Nec
1701 1647 1872 1696 sequitur

239 1698 313 1749 ἶινέζεῗ
326 1689 478 1755 Ξὲῗῖπὲἓῗγ
524 1729 573 1754 ex
600 1716 674 1753 isto
698 1715 804 1766 quod
833 1715 1002 1753 debeant
1032 1716 1256 1754 mendicare
1284 1718 1334 1754 ab
1370 1717 1542 1764 homine,
1569 1731 1659 1756 cum
1685 1717 1875 1766 Christus,
1892 1729 1932 1751 20

239 1757 472 1818 gpgfflffigtthan
524 1787 727 1837 exemplar
743 1795 935 1834 nostrum,
951 1789 1106 1826 tenebat
1120 1800 1160 1826 se
1176 1788 1215 1826 in
1228 1788 1359 1827 medio
1377 1796 1414 1828 et
1434 1797 1642 1840 utrumque
1656 1797 1875 1828 extremum

524 1868 714 1909 tanquam
734 1859 926 1909 culpabile
947 1860 1178 1909 reprobavit.
1233 1860 1328 1899 Ideo
1350 1861 1424 1899 ista
1443 1862 1643 1901 evidencia
1663 1869 1721 1901 est
1744 1862 1876 1900 similis

526 1931 690 1969 stulticie
723 1930 741 1950 *
774 1943 961 1969 cecorum
990 1932 1055 1981 qui
1085 1932 1269 1969 baculum
1310 1945 1424 1970 suum
1454 1934 1650 1983 proiciunt
1685 1934 1734 1972 ad
1774 1942 1878 1973 astra
1891 1937 2071 1970 B¹.154e.

525 2010 567 2041 ut
587 2003 671 2053 ipsa
692 2003 732 2040 in
753 2014 823 2041 sua
854 2004 1078 2041 substancia
1108 2004 1221 2041 stulte
1247 2003 1389 2043 ledant.
1448 2005 1499 2043 Et
1520 2013 1625 2055 patet
1646 2006 1752 2056 quod
1776 2007 1877 2044 istud

525 2075 765 2113 sentenciare
787 2087 870 2112 non
899 2082 1000 2112 esset
1026 2088 1192 2124 regnum
1215 2076 1421 2123 destruere,
1445 2090 1517 2115 nec
1540 2078 1631 2116 dare
1653 2078 1877 2116 hominibus
1893 2089 1933 2122 25

239 2146 504 2215 {kgfllfdrzfftrffiffure
524 2147 731 2185 licenciam
761 2147 810 2184 ad
841 2146 1103 2196 peccandum.
1178 2147 1263 2185 Nisi
1293 2148 1390 2186 forte
1431 2149 1595 2187 infidelis
1636 2150 1740 2188 dicat
1789 2163 1879 2188 cum

240 2215 289 2241 ‘he
303 2221 386 2242 state.
526 2219 791 2257 sacerdotibus
832 2218 1029 2256 Christum
1069 2220 1358 2266 accusantibus,
1409 2222 1516 2270 quod
1565 2222 1648 2271 ipse
1697 2223 1880 2261 subvertit

526 2298 653 2330 toturn
684 2303 850 2340 regnum
881 2290 997 2340 judee
1032 2298 1069 2328 et
1100 2292 1347 2341 imperatoris
1386 2293 1594 2343 imperium
1633 2296 1879 2344 perturbavit.

528 2363 625 2401 Ideo
646 2363 699 2401 sic
726 2362 948 2413 judicantes
979 2363 1196 2400 secundum
1227 2363 1369 2401 faciem
1401 2371 1489 2402 sunt
1520 2366 1778 2404 communiter
1799 2373 1879 2405 tam

527 2435 653 2473 verbis
673 2447 791 2484 quarn
812 2447 929 2485 opere
950 2434 1137 2473 infideles.
1894 2442 1937 2473 30

575 2582 625 2606 11.
649 2574 821 2615 sieut,pro
837 2574 893 2611 sic,
912 2582 943 2616 B,
962 2574 1006 2614 3¹,
1026 2582 1055 2606 c.
1194 2584 1243 2615 13.
1268 2579 1309 2613 et,
1327 2586 1389 2607 om.
1407 2584 1440 2615 B,
1458 2576 1501 2615 13¹,
1521 2585 1553 2610 c.
1691 2586 1740 2617 23.
1766 2588 1879 2619 pereu-

528 2627 628 2664 ciunt‚
640 2630 705 2668 pro
722 2627 897 2668 proiciunt,
918 2634 949 2660 C.
1043 2636 1093 2668 25.
1119 2631 1179 2667 est,
1191 2632 1256 2669 pro
1272 2632 1367 2663 esset,
1386 2636 1416 2664 Β,
1433 2636 1465 2659 c.
