2095 3381
211 186 264 226 68
727 193 988 226 SPECULUM
1021 191 1254 224 ECCLESIE
1288 192 1600 225 MILITANTIS.

491 310 632 348 nostris
654 310 706 347 sic
729 309 867 355 facere,
890 308 1089 347 evidencia
1109 309 1182 346 ista
1202 308 1317 358 plena
1339 315 1395 348 est
1416 309 1632 353 dolositate,
1650 307 1741 357 quia
1761 307 1837 345 hoc

207 384 477 451 {gffiltgegmheoed
492 382 636 420 factum
676 382 944 431 apostolorum
989 393 1070 418 non
1110 381 1234 429 arguit
1273 381 1379 429 quod
1417 393 1520 429 papa
1558 380 1617 418 vel
1661 379 1838 429 episcopi

209 462 248 485 ΠΡ
263 453 309 477 the
323 453 478 491 ffssgfnefltss
493 454 636 491 debent
657 454 782 490 taliter
807 454 1010 498 dominari,
1041 453 1110 490 sed
1132 452 1239 501 quod
1261 459 1424 501 possunt
1454 453 1494 488 in
1525 452 1626 489 facto
1655 450 1838 489 laudabili

209 493 312 512 cannot
325 487 428 518 Justrfy

209 519 711 574 clerica¹101<¹³¹³³1³³fragmenta
733 526 781 562 ad
812 525 1055 574 pascendum
1087 526 1108 545 ἅ·
1140 536 1331 574 pauperes
1360 523 1554 560 humiliter
1584 535 1836 573 congregare,
1854 526 1892 556 C.
1910 525 1997 556 21a.

211 555 223 579 I
240 555 276 579 do
289 560 337 579 not
357 562 426 578 even

208 587 293 613 know
307 588 369 612 that
384 588 452 618 they

209 621 451 647 themselvesdis,
493 610 565 634 nec
597 597 678 634 scio
710 610 757 634 ex
788 596 1002 645 ewangelio
1034 597 1174 634 docere
1211 596 1317 645 quod
1355 595 1522 644 apostoli
1562 595 1873 636 distribuebant5

208 655 397 722 ,ἵζ’ἂζζῐξξῇῑζὴθ
493 668 709 717 fragmenta
723 669 794 705 ista
815 668 1061 717 pauperibus,
1078 668 1146 705 sed
1168 674 1389 717 potuerunt,
1414 667 1445 704 si
1467 666 1642 704 Christus
1662 665 1840 712 voluerit,

495 746 584 789 post
614 741 727 776 istam
758 739 1027 777 collectionem
1057 739 1219 776 limitare
1249 739 1382 788 egenis
1412 745 1453 775 ut
1483 738 1567 787 ipsa
1594 738 1781 785 tollerent,
1805 744 1843 775 et

494 812 661 861 apostoli
682 812 927 848 intenderunt
948 812 1100 848 interim
1121 811 1333 848 ministerio
1354 811 1528 860 digniori.
1571 809 1733 847 Domini
1747 821 1841 859 ergo

209 895 264 954 Llet
278 894 354 920 lords
368 895 447 954 lfiaye
493 884 685 921 seculares
702 884 844 920 debent
866 895 1079 921 exonerare
1101 883 1263 920 clericos
1285 885 1335 920 ab
1355 883 1429 920 isto
1446 883 1507 919 vili
1527 882 1655 921 officio
1678 888 1715 919 et
1734 882 1842 932 ipsos

209 938 224 955 c
237 938 305 961 ergy
319 935 348 954 to
362 935 371 953 t
395 938 434 954 eir

209 963 479 1022 Εὲῗξῐτεέῗὲζᾱὲῗέ
493 955 541 992 ad
572 955 839 1004 ewangelium,
864 956 1090 993 oracionem
1111 955 1169 992 vel
1191 955 1425 992 exercicium
1447 954 1549 992 aliud
1571 953 1759 991 salubrius
1781 965 1842 991 se-
1858 970 1898 994 10

209 1031 384 1090 {geffgfqffig
397 1039 462 1057 con-
493 1027 666 1064 cundum
688 1026 854 1063 formam
876 1027 1078 1075 ewangelii
1092 1026 1265 1073 limitare,
1282 1033 1320 1064 et
1340 1026 1547 1073 subtilient,
1571 1033 1613 1063 ut
1634 1038 1750 1075 supra
1764 1025 1842 1063 dic·
1856 1028 1898 1058 B.
1915 1027 1960 1056 18
1974 1034 2004 1058 0-

209 1098 295 1124 devil·
493 1106 575 1135 tum
604 1104 672 1143 est,
696 1097 866 1134 redditus
892 1098 931 1133 in
949 1098 1025 1135 suis
1046 1098 1281 1147 pauperibus
1303 1110 1371 1147 per
1386 1099 1593 1144 ministros,
1616 1104 1654 1135 et
1679 1109 1760 1135 non
1788 1098 1841 1135 sic

495 1176 753 1217 extorqueant
774 1169 1007 1217 peccuniam
1029 1169 1077 1206 de
1099 1169 1176 1206 suis
1197 1169 1331 1218 egenis
1352 1169 1573 1207 tenentibus
1601 1169 1649 1206 ad
1671 1181 1843 1206 conven-

209 1252 445 1318 rTnffitffigagtshtfffg
494 1248 574 1278 tum
598 1240 755 1288 dyaboli
770 1240 822 1277 sic
846 1240 1062 1277 ditandum.
1123 1240 1277 1289 Lapsus
1297 1253 1392 1290 ergo
1413 1241 1575 1278 infidelis
1590 1240 1680 1278 cleri
1707 1240 1748 1277 in
1769 1240 1844 1278 hoc

281 1296 293 1311 S

207 1320 438 1386 Jissiffif‘tvffilcdon
493 1312 706 1349 ministerio
730 1312 837 1349 daret
858 1312 1107 1350 occasionem
1130 1312 1358 1350 Christianis
1383 1312 1551 1350 dominis
1579 1312 1628 1350 ad
1656 1312 1727 1350 hos
1756 1311 1845 1349 red·
1862 1316 1900 1348 Ι5

209 1388 469 1448 ξέξὲἑὶἓὲεοέςῑέοετῐὲ
494 1384 594 1421 ditus
613 1382 631 1403 '¹‘
651 1384 962 1421 confiscandum.
1013 1384 1115 1422 Cum
1131 1397 1196 1421 rex
1214 1385 1355 1433 Anglie
1371 1397 1462 1422 cum
1477 1384 1566 1422 cleri
1581 1385 1845 1434 repugnancia
1859 1383 1912 1417 13¹.
1929 1386 1999 1416 159
2016 1385 2052 1416 b.

210 1455 365 1514 instodthe
494 1455 631 1493 dicitur
661 1456 896 1493 confiscasse
927 1457 1033 1494 bona
1062 1456 1237 1505 episcopi
1267 1457 1358 1506 quia
1393 1457 1600 1506 episcopus
1632 1457 1692 1494 ille
1725 1457 1845 1494 noluit

209 1498 292 1521 prece
316 1496 362 1514 ent
377 1490 454 1516 ofan

211 1523 333 1556 Englssh
347 1523 425 1556 king·
495 1529 712 1566 secundum
746 1527 916 1565 formam
950 1528 1151 1577 ewangelii
1182 1540 1294 1566 suum
1327 1535 1505 1566 curatum
1539 1529 1711 1566 officium
1743 1528 1845 1578 regis

494 1599 685 1636 dimittere
702 1605 738 1636 et
759 1599 798 1636 in
815 1612 884 1636 sua
905 1600 1068 1637 ecclesia
1087 1600 1263 1638 residere.
1314 1600 1365 1637 Et
1386 1612 1426 1638 re
1441 1613 1530 1639 vera
1545 1601 1694 1638 videtur
1713 1600 1844 1638 multis

494 1671 601 1720 quod
633 1671 705 1708 ista
735 1683 871 1708 vecors
902 1671 1140 1709 taciturnitas
1175 1672 1214 1708 in
1249 1678 1402 1709 tantum
1431 1672 1647 1721 periculum
1676 1673 1777 1722 regis
1807 1680 1844 1710 et
1862 1683 1902 1705 20

494 1743 603 1791 regni
624 1742 722 1780 foret
743 1755 863 1780 causa
885 1743 1080 1780 sufficiens
1101 1742 1151 1780 ad
1181 1743 1481 1781 confiscandum
1511 1755 1648 1781 omnes
1676 1744 1846 1782 redditus

209 1819 480 1886 ffgzeykfflgriipofflffi
494 1813 716 1852 huiusmodi
747 1814 989 1851 clericorum.
1050 1813 1135 1851 Rex
1167 1827 1257 1852 vero
1285 1815 1401 1852 debet
1432 1815 1679 1853 dominanter
1706 1828 1845 1854 secun-

210 1888 452 1954 Ξίῐέᾖζῡῗὲἆῖξξ
496 1886 588 1924 dum
619 1885 789 1923 formam
819 1885 1020 1934 ewangelii
1056 1886 1322 1924 imitacionem
1362 1886 1512 1924 domini
1550 1888 1772 1936 practisare,
1809 1893 1846 1924 et

211 1956 402 1994 cle‘gYShOW
450 1990 456 1995 .
495 1957 621 1996 clerus
654 1957 808 1995 dotatus
843 1963 983 2006 potest,
1020 1957 1129 1994 sicud
1169 1958 1329 2004 sciverit,
1371 1958 1473 1995 istud
1514 1970 1614 2007 opus
1654 1959 1757 2008 regis
1797 1971 1846 1996 ex

210 1999 311 2015 reason
323 1996 435 2022 against
449 1996 480 2022 rt,

211 2023 314 2056 isthey
329 2033 389 2050 0³¹¹·
496 2029 653 2067 racione
675 2029 733 2066 vel
754 2029 970 2079 ewangelio
998 2029 1227 2078 inpugnare.
1286 2028 1428 2066 Videat
1457 2042 1552 2078 ergo
1583 2030 1705 2067 fidelis
1735 2030 1846 2068 theo·
1863 2046 1901 2078 25

497 2100 621 2150 logus,
651 2101 757 2150 quod
793 2101 917 2138 clerus
949 2101 1114 2149 cupidus
1151 2113 1231 2138 non
1265 2101 1418 2138 deficiat
1450 2102 1490 2138 in
1525 2103 1764 2151 argumentis
1797 2115 1846 2140 ex

497 2172 624 2210 forma
643 2172 845 2221 ewangelii
867 2172 1114 2219 fabricandis,
1137 2179 1175 2210 et
1195 2172 1330 2210 fundet
1346 2185 1385 2210 se
1400 2173 1439 2209 in
1457 2172 1652 2222 completa
1673 2174 1847 2212 similitu-

211 2248 465 2315 {ssffisetssfflssr‘ssss
496 2244 598 2290 dine,
618 2244 811 2294 capiendo
824 2250 865 2281 ut
886 2244 1004 2281 fidem
1025 2244 1131 2293 quod
1148 2244 1323 2281 Christus
1344 2245 1393 2281 ab
1415 2244 1572 2282 instanti
1593 2256 1660 2282 sue
1678 2258 1848 2296 concep-

211 2317 481 2376 ᾖξδὲέςῖὲζξῑὲξῑᾶῃ
496 2316 619 2353 cionis
640 2328 764 2365 usque
785 2316 835 2353 ad
863 2316 1001 2353 horam
1030 2328 1097 2353 sue
1124 2317 1258 2353 mortis
1278 2316 1346 2353 fuit
1366 2316 1485 2354 homo
1507 2318 1777 2366 pauperrimus
1798 2318 1847 2356 ad

212 2384 457 2451 ἑξῇξξιξξζξῇῗ
495 2387 721 2437 pauperiem
739 2388 816 2424 suis
838 2387 974 2425 ovibus
990 2387 1308 2437 exemplandam,
1327 2396 1363 2425 et
1383 2389 1455 2426 ista
1471 2388 1715 2438 exemplacio
1731 2389 1847 2428 debet
1862 2401 1903 2433 30

495 2471 580 2497 esse
601 2459 814 2508 preciosior
834 2471 954 2508 quarn
975 2459 1130 2496 decreta
1150 2459 1328 2496 omnium
1349 2472 1550 2509 paparum,
1565 2461 1690 2498 eciam
1705 2461 1847 2499 Iohan-

496 2531 555 2568 nis
580 2529 655 2576 221,
678 2530 750 2567 nisi
772 2531 811 2567 in
838 2530 915 2567 fide
937 2530 1137 2580 ewangelii
1162 2531 1237 2569 sint
1265 2530 1435 2569 fundata.
1494 2531 1543 2569 Et
1572 2534 1778 2582 pauperies
1807 2534 1847 2570 in

542 2666 570 2699 7.
596 2658 672 2690 coll.
691 2658 756 2696 ist.,
778 2658 847 2690 ord.
867 2658 937 2690 inv.
957 2667 987 2689 C.
1102 2660 1131 2691 8.
1160 2659 1371 2698 intenderent,
1391 2668 1422 2691 C.
1513 2671 1587 2692 cum
1605 2661 1798 2700 ministerio,
1816 2670 1848 2694 C.

498 2719 548 2741 11.
573 2721 699 2751 ewang.
717 2710 821 2748 form„
840 2711 910 2743 ord.
930 2711 1000 2742 inv.
1020 2719 1051 2743 C.
1172 2717 1208 2743 ut
1224 2712 1403 2751 subtilient,
1419 2721 1450 2744 C.
1634 2723 1684 2755 24.
1710 2724 1763 2755 op.
1780 2715 1844 2752 ist„

496 2763 565 2795 ονιί.
584 2763 654 2794 inv.
673 2772 703 2795 C.
791 2773 841 2803 25.
868 2763 975 2804 igitur,
990 2768 1055 2805 pro
1071 2774 1159 2805 ergo,
1180 2772 1211 2796 c.
1299 2774 1348 2807 29.
1375 2775 1440 2805 sue,
1459 2776 1520 2797 om.
1540 2773 1569 2798 B.
1663 2776 1714 2806 30.
1739 2777 1846 2798 exem-

495 2815 663 2856 plandum,
684 2823 714 2846 B.
