2095 3381
493 272 754 306 SPECULUM
788 270 1019 303 ECCLESIE
1052 269 1361 301 MILITANTIS.
1827 258 1881 311 89

260 387 603 427 confirmacionem
643 399 711 424 rex
750 386 905 435 sapiens
949 384 1135 422 Salomon
1183 383 1232 420 ad
1279 381 1599 433 pacificacionem
1613 389 1668 415 For
1681 389 1772 415 which
1786 398 1828 414 we

262 459 372 508 regni
403 459 460 495 sui
490 458 670 507 deposuit
700 468 897 494 summum
928 454 1173 492 sacerdotem
1211 460 1249 491 et
1284 454 1402 490 alium
1441 423 1811 490 licenter{3ingolt<l³³1ii‘1c‘›÷r³1⁴-a
1813 423 1887 456 mpxe

44 546 57 568 1
74 537 181 578 Kings
195 537 231 569 ii.
262 529 435 574 instituit,
456 534 496 565 ut
523 535 627 578 patet
647 540 694 565 ex
717 527 791 564 fide
821 526 1006 574 scripture
1029 538 1049 573 3
1074 525 1169 573 Reg.
1196 531 1250 572 30.
1309 523 1390 561 Ista
1412 536 1505 572 ergo
1527 534 1601 571 que

44 588 96 622 ²7⁰
261 599 314 636 ibi
344 599 486 648 scripta
517 604 605 635 sunt
636 597 685 634 ad
719 603 893 633 nostram
925 595 1139 633 doctrinam
1177 594 1319 643 scripta
1348 600 1449 631 sunt.
1508 592 1602 629 Non
1614 599 1845 659 Xeddgrqutastk

1629 647 1641 658 ι
1758 643 1806 666 mg
1832 643 1849 660 ο

229 669 429 719 5petimus
460 669 566 718 quod
595 668 689 705 deus
709 667 768 704 vel
798 679 865 703 rex
895 666 1011 703 faciat
1039 666 1146 702 illum
1176 677 1345 702 errorem
1374 676 1455 701 non
1486 663 1601 699 fuisse
1615 667 1887 727 ffiffi'opssgssrssgors·

262 740 497 790 preteritum,
528 739 596 776 sed
636 738 743 787 quod
781 750 851 787 pro
890 737 1018 774 futuro
1065 735 1231 785 corrigat
1269 747 1317 772 ne
1358 734 1603 772 continuetur
1615 734 1809 793 ffiffieforthe

262 810 427 859 amplius
457 809 507 847 ad
536 808 751 858 dampnum
782 808 945 845 ecclesie
977 813 1112 845 contra
1143 806 1272 843 deum.
1329 805 1380 842 Et
1412 811 1603 854 quantum

263 880 311 918 ad
333 887 456 918 cartas
478 880 609 917 dicunt
630 880 763 916 fideles
792 890 903 928 reges
933 889 1172 927 cognoscere
1194 876 1301 925 quod
1332 888 1411 914 non
1442 881 1603 924 possunt
1615 883 1654 943 ff)
1664 884 1704 909 As
1714 888 1743 910 to
1754 884 1888 944 chartegs,

1637 927 1700 949 mgs
1713 927 1765 943 can
1778 928 1847 950 gran

264 964 333 1001 per
362 952 465 1001 ipsas
494 951 554 988 vel
584 951 692 988 aliter
720 949 910 999 quidquid
939 949 1097 986 licenter
1127 947 1341 985 concedere
1371 947 1444 983 nisi
1474 946 1603 983 habita
1616 951 1896 1012 fegtssgnogfffigfflilref

212 1036 252 1058 10
265 1022 314 1060 ad
343 1022 418 1059 hoc
448 1021 609 1058 licencia
637 1021 709 1066 dei,
731 1021 796 1070 qui
825 1027 883 1058 est
912 1020 1094 1057 dominus
1117 1018 1300 1067 capitalis.
1360 1017 1451 1055 Hoc
1476 1023 1605 1054 autem
1618 1019 1702 1044 Lord·

264 1081 529 1142 exemplatum
550 1099 607 1130 est
627 1093 666 1129 in
686 1092 868 1129 humanis
889 1092 1037 1141 legibus
1054 1103 1063 1137 ;
1094 1089 1162 1128 sed
1193 1089 1451 1127 demonstrari
1481 1093 1607 1137 potest

264 1178 313 1203 ex
334 1165 409 1202 fide
430 1164 637 1202 certissime
658 1163 764 1212 quod
785 1163 859 1201 hoc
882 1163 928 1200 de
949 1163 1022 1199 deo
1053 1166 1205 1210 oportet
1235 1160 1471 1198 catholicum
1493 1160 1606 1196 susti-

265 1248 369 1273 nere.
426 1235 521 1273 Ideo
553 1247 635 1272 non
668 1240 840 1284 superest
870 1234 961 1271 cleri
995 1232 1188 1270 sufficiens
1222 1231 1430 1268 excusacio
1463 1231 1502 1267 in
1532 1230 1604 1267 hac
1618 1240 1867 1308 ᾒιὲᾱςῖἒτῑὲᾆεὲινεῖ

1580 1301 1586 1308 ,
1821 1286 1853 1302 us

266 1313 385 1356 parte,
416 1306 489 1343 nisi
520 1305 731 1343 ostenderit
760 1305 810 1342 ad
841 1304 914 1342 hoc
944 1304 1150 1342 licenciam
1180 1302 1292 1339 huius
1323 1301 1472 1339 domini
1503 1314 1604 1350 capi·
1619 1308 1706 1334 show.

214 1387 252 1420 15
268 1378 363 1415 talis.
406 1376 528 1414 Aliter
540 1377 644 1414 enirn
665 1388 745 1413 non
766 1389 831 1413 rex
849 1382 1018 1413 terrenus
1034 1373 1255 1412 blasfemias
1277 1373 1370 1410 tales
1391 1373 1608 1410 secundum

266 1449 392 1498 legem
414 1461 523 1486 suam
553 1449 772 1498 requireret,
793 1454 831 1485 et
851 1447 897 1485 de
919 1448 1005 1492 deo,
1028 1447 1066 1483 in
1087 1457 1166 1495 quo
1187 1452 1242 1482 est
1269 1457 1386 1482 causa
1407 1444 1608 1481 vivacioris

267 1520 365 1566 fidei,
397 1520 473 1557 hoc
502 1527 672 1569 negaret.
732 1518 808 1556 Sed
840 1519 931 1556 certi
960 1529 1093 1555 sumus
1123 1529 1171 1555 ex
1200 1516 1274 1554 fide
1304 1515 1410 1564 quod
1441 1527 1608 1564 persona
1620 1520 1878 1587 Rsiffigsff-God

267 1592 384 1637 verbi,
418 1603 492 1640 que
527 1598 584 1628 est
616 1590 710 1628 deus
742 1598 778 1627 et
809 1603 890 1627 non
925 1596 1104 1635 mutatur,
1136 1601 1216 1626 non
1247 1593 1373 1637 potest
1404 1587 1607 1624 licenciam
1620 1589 1874 1649 gffcetsffirtngglnftra-

269 1663 385 1700 talem
407 1662 633 1709 concedere,
656 1663 747 1712 quia
768 1675 848 1699 non
868 1667 997 1711 potest
1021 1672 1106 1698 esse
1127 1661 1199 1697 sibi
1219 1659 1291 1709 ipsi
1312 1659 1526 1696 contrarius
1546 1657 1606 1694 vel

214 1742 256 1765 20
269 1735 360 1772 dare
390 1735 591 1772 licenciam
613 1733 662 1771 ad
681 1733 937 1783 peccandum.
997 1733 1048 1769 Et
1068 1738 1257 1782 quantum
1278 1730 1327 1768 ad
1348 1731 1461 1768 istam
1492 1728 1606 1766 simul
1618 1738 1885 1800 §ZLThetheffivenly

1688 1783 1718 1799 3-5
1745 1783 1761 1799 0
1774 1784 1790 1799 a
1804 1784 1845 1800 mS

268 1806 423 1843 finalem
454 1806 652 1855 arguciam
680 1818 748 1855 per
768 1804 899 1842 locum
920 1817 941 1841 a
963 1804 1087 1850 simili,
1110 1810 1263 1841 constat
1284 1802 1389 1851 quod
1417 1800 1522 1838 aliud
1551 1806 1607 1837 est
1621 1806 1802 1873 {iffiffyfigae
1813 1809 1864 1868 grfie

268 1878 327 1914 ius
357 1877 436 1927 poli
462 1877 641 1914 faciendo
667 1876 932 1921 elemosinam,
964 1882 1000 1912 et
1029 1875 1132 1913 aliud
1163 1875 1221 1911 ius
1254 1874 1325 1911 soli
1355 1871 1609 1911 concedendo
1622 1873 1806 1902 inheritance.

268 1949 521 1987 hereditatem
546 1959 752 1986 terrenam.
809 1947 860 1985 Et
891 1948 978 1985 licet
1011 1946 1201 1985 seculares
1234 1945 1381 1983 domini
1412 1956 1493 1982 non
1523 1949 1611 1980 sunt

48 2026 93 2055 D.
110 2027 158 2059 78
173 2025 208 2055 d.
270 2021 385 2071 plene
406 2021 445 2057 in
465 2020 738 2057 hereditatibus
760 2019 899 2057 talibus
929 2017 1182 2064 confir*mati,
1204 2024 1334 2055 tamen
1361 2022 1524 2065 possunt
1543 2014 1611 2051 ha-

216 2101 256 2133 25
270 2094 361 2130 bere
380 2091 618 2129 evidenciam
640 2103 756 2140 supra
777 2090 938 2127 dubium
960 2089 1066 2138 quod
1086 2089 1229 2126 habent
1256 2088 1349 2125 tales
1380 2087 1609 2125 hereditates
1623 2096 1713 2122 Lords
1725 2096 1797 2123 have
1811 2098 1886 2124 clear

271 2176 343 2214 pro
383 2176 423 2201 se
463 2169 499 2200 et
538 2162 616 2199 suis
655 2161 871 2208 heredibus,
909 2161 1124 2210 specialiter
1163 2159 1256 2197 dum
1298 2160 1402 2208 ipsas
1440 2131 1842 2196 rexerintffigiiffrssicghagto

271 2234 518 2273 conformiter
538 2233 613 2282 legi
634 2233 695 2270 dei
725 2239 762 2270 et
791 2232 953 2270 fideliter
973 2231 1147 2269 dederint
1177 2230 1250 2268 deo
1281 2230 1484 2268 servicium
1507 2199 1873 2267 debi-ffigircssssiiryevgggff

271 2313 364 2352 tum,
387 2305 494 2354 quod
515 2311 588 2342 stat
608 2304 805 2353 potissime
836 2304 875 2340 in
905 2303 1129 2340 defensione
1159 2308 1195 2339 et
1225 2302 1384 2339 servicio
1415 2301 1511 2350 legis
1533 2312 1612 2338 sue.

270 2374 320 2414 Et
341 2383 530 2425 quantum
551 2374 600 2412 ad
621 2374 900 2423 plenitudinem
917 2373 1080 2410 dominii
1097 2379 1245 2411 certum
1263 2379 1319 2410 est
1340 2372 1415 2410 fide
1437 2372 1543 2422 quod
1564 2371 1613 2408 ad
1627 2379 1684 2438 ¹31¹·st
1698 2379 1772 2405 their
1784 2389 1889 2405 owner-

216 2467 258 2498 30
272 2447 552 2498 plenitudinem
573 2446 691 2483 divini
715 2445 877 2483 dominii
906 2458 987 2483 non
1016 2451 1179 2494 possunt
1203 2445 1402 2494 attingere,
1424 2456 1496 2481 nec
1518 2443 1612 2480 deus
1624 2419 1778 2479 Zugiergtuffg
1790 2414 1887 2474 k(³3eod's·

271 2521 363 2558 wult
382 2520 457 2557 tale
487 2519 705 2556 dominium
727 2518 781 2555 eis
802 2517 1028 2563 concedere,
1050 2518 1124 2555 nisi
1145 2518 1217 2555 sub
1238 2518 1466 2555 condicione
1496 2517 1613 2554 tacita

272 2594 331 2631 vel
352 2604 536 2642 expressa
557 2591 663 2640 quod
685 2591 849 2628 serviant
870 2590 941 2628 sibi
963 2590 1123 2628 fideliter
1143 2597 1178 2628 et
1199 2603 1267 2640 per
1287 2591 1390 2628 idem
1411 2590 1615 2628 servi-cium

51 2669 240 2702 B¹.161d.
272 2665 364 2703 fiant
397 2663 415 2684 *
448 2665 566 2714 digni.
624 2663 826 2709 Quantum
857 2662 905 2699 ad
931 2662 1096 2711 primam
1117 2661 1459 2699 confirmacionem
1480 2660 1617 2698 dicitur

320 2783 348 2804 2.
373 2774 532 2814 Abyatar,
549 2773 625 2804 add.
636 2777 711 2813 post
726 2772 943 2810 sacerdotem,
961 2779 992 2803 C.
1093 2770 1124 2802 6.
1148 2774 1273 2809 caveat,
1283 2775 1347 2811 pro
1364 2770 1518 2811 corrigat,
1536 2777 1569 2807 C,
1583 2777 1619 2800 D.

275 2837 304 2867 9.
329 2830 474 2866 nec,p7²0
490 2825 565 2863 nisi,
583 2824 626 2856 13¹.
715 2834 765 2856 20.
790 2824 845 2856 fin.
863 2824 948 2861 sim.,
965 2823 1033 2854 ord.
1052 2822 1123 2853 inv.
1141 2830 1173 2860 C,
1188 2830 1222 2853 D.
1306 2832 1355 2854 22.
1381 2822 1529 2863 fori‚pr0
1544 2820 1619 2859 soli,

275 2886 306 2916 C,
321 2886 355 2909 D.
450 2876 498 2908 26.
524 2881 683 2918 cum‚pr0
702 2876 791 2914 dum,
810 2884 839 2914 B,
855 2884 885 2906 C.
981 2882 1029 2915 27.
1054 2874 1128 2913 deo,
1145 2885 1206 2905 om.
1225 2883 1255 2905 C.
