2095 3381
505 245 766 279 SPECULUM
798 245 1029 277 ECCLESIE
1064 244 1371 276 MILITANTIS.
1838 246 1892 287 73

270 360 396 410 legem
426 359 486 397 dei
512 359 766 409 justissimam
797 371 868 397 suo
899 359 1061 397 domino
1095 359 1283 405 confiteri,
1305 366 1343 398 et
1373 359 1480 409 quod
1511 372 1613 409 papa

270 432 330 469 vel
350 430 595 469 antichristus
616 431 670 467 sic
692 430 911 467 seculariter
937 436 1143 479 attemptat
1172 438 1301 479 preter
1331 430 1473 468 Christi
1496 431 1613 467 licen-

270 503 371 540 ciam
403 508 536 539 contra
564 514 687 551 reges,
718 502 790 551 ipsi
821 502 964 539 debent
993 502 1204 551 prudenter
1233 501 1468 539 tirannidem
1498 501 1612 539 istam

270 573 413 611 diaboli
436 573 627 611 declinare
649 579 685 610 et
706 573 1000 610 ordinacionem
1022 572 1170 610 domini
1192 573 1389 611 suscitare.
1437 572 1613 610 Christus
1626 573 1867 640 ἓξζξξῑξῖξῗὲἳῑξ

236 659 254 691 5
270 644 374 680 enim
395 643 500 680 dedit
520 643 714 680 humiliter
734 643 918 680 tributum
943 644 1064 680 cesari
1091 650 1129 681 et
1159 643 1420 693 multipliciter
1450 644 1610 693 amplia·
1627 642 1732 668 Caessar·

269 715 322 752 vit
351 727 463 751 suum
493 714 722 759 dominium,
745 720 783 751 et
812 727 893 752 non
928 715 999 751 sibi
1030 715 1088 752 vel
1123 714 1201 752 suis
1234 715 1421 764 apostolis
1453 715 1613 764 aliquod

269 785 344 822 tale
374 785 590 821 dominium
620 784 833 833 adquisivit.
892 784 940 821 Et
971 785 1026 822 sic
1055 785 1204 822 videtur
1234 798 1380 834 papam
1411 797 1493 822 non
1524 797 1609 823 esse
1626 795 1687 821 The
1703 795 1893 828 Popeseems,

271 855 414 893 Christi
433 851 618 892 vicarium
640 855 707 892 sed
726 856 910 893 vicarium
932 856 1156 902 antichristi,
1185 868 1275 894 cum
1297 856 1458 894 dimisso
1480 856 1612 894 celesti
1626 830 1820 889 {ffirgfiiiesttso
1833 830 1868 855 be

271 927 399 964 officio
438 933 632 964 terrenum
671 926 838 963 indebite
874 927 928 964 sic
965 933 1223 976 attemptatur.
1296 927 1346 964 Et
1387 927 1439 964 sic
1480 926 1613 976 prelati
1627 897 1784 957 {lircizgpsl-mt
1798 897 1878 923 Ann-

218 1010 258 1034 10
271 997 405 1034 cesarii
433 997 697 1035 obliviscendo
732 997 969 1034 hortacionis
1002 997 1158 1035 humilis
1195 1003 1232 1035 et
1267 1003 1401 1035 sancte
1437 997 1615 1045 predica-

270 1068 392 1105 cionis
424 1067 566 1105 Christi
600 1074 638 1105 et
668 1079 827 1105 suorum
861 1067 1130 1116 apostolorum
1162 1075 1352 1118 usurpant
1386 1068 1613 1117 potestative

268 1139 502 1178 tirannidem
527 1129 755 1186 antichristi,
795 1145 832 1176 et
865 1139 905 1176 in
939 1139 1079 1176 talibus
1112 1140 1270 1189 prelatis
1302 1140 1517 1189 specialiter
1551 1153 1614 1178 or-

270 1211 409 1248 dinatis
443 1222 652 1247 conversus
684 1217 742 1247 est
773 1217 982 1247 retrorsum
1014 1217 1051 1247 et
1084 1211 1124 1247 in
1156 1211 1236 1248 suis
1275 1211 1360 1248 filiis
1400 1211 1466 1260 qui
1506 1211 1613 1260 ipsos

269 1287 463 1327 secuntur,
495 1281 725 1318 dimittendo
746 1281 965 1318 doctrinam
987 1280 1128 1318 Christi
1161 1288 1197 1319 et
1224 1282 1422 1331 sequendo
1447 1282 1609 1331 vestigia

217 1370 255 1402 15
270 1352 490 1390 antichristi.
550 1352 601 1389 Et
625 1358 729 1401 patet
758 1364 807 1389 ex
837 1352 948 1389 dictis
978 1352 1202 1390 diversitatis
1232 1353 1336 1390 racio
1366 1353 1406 1389 in
1436 1353 1613 1403 sequenti

270 1423 515 1461 similitudine
542 1423 703 1469 simiali;
735 1435 825 1460 cum
849 1423 1043 1472 spirituale
1065 1423 1266 1461 brachium
1291 1424 1337 1460 sit
1357 1424 1521 1461 vicarius
1543 1424 1611 1461 hu-

270 1494 464 1531 manitatis
485 1494 627 1532 Christi
648 1495 697 1532 ad
721 1494 965 1543 pacienciam
993 1501 1030 1532 et
1056 1494 1311 1531 humilitatem
1332 1494 1554 1543 dispositus,
1576 1501 1615 1531 et

270 1570 443 1607 seculare
466 1568 669 1607 brachium
691 1569 736 1606 sit
757 1569 919 1606 vicarius
941 1568 1146 1605 divinitatis
1164 1567 1306 1606 Christi
1320 1568 1369 1605 ad
1383 1568 1615 1617 prudentem

270 1647 309 1677 et
328 1641 462 1677 mitem
482 1640 653 1689 gladium
675 1639 843 1677 vindicte
870 1639 1021 1677 rebellis
1051 1639 1187 1688 populi
1212 1639 1429 1676 inclinatus.
1488 1638 1540 1676 Et
1561 1638 1614 1676 sic

217 1728 258 1751 20
270 1722 342 1747 nec
364 1710 440 1748 hoc
461 1711 621 1760 contigit
649 1710 799 1748 facilius
827 1722 899 1747 nec
931 1710 980 1747 ad
1009 1710 1083 1748 hoc
1114 1716 1220 1759 patet
1250 1709 1392 1747 Christi
1421 1710 1614 1755 autoritas,

271 1794 361 1819 cum
390 1781 521 1819 docuit
551 1782 776 1831 oppositum
806 1788 886 1819 tam
917 1782 956 1818 in
986 1794 1104 1831 opere
1125 1794 1245 1830 quam
1273 1782 1313 1818 in
1334 1782 1472 1819 verbis.
1529 1781 1615 1819 Nec
1629 1790 1810 1818 Christmust

1629 1826 1723 1858 surely
1736 1835 1805 1852 soon

270 1853 404 1891 dubito
440 1853 533 1902 quin
563 1859 715 1902 oportet
745 1852 957 1890 antichristi
987 1853 1149 1891 clericos
1179 1854 1219 1890 in
1250 1853 1356 1890 brevi
1385 1860 1562 1902 tempore
1593 1859 1899 1919 aanAiffssisslfississssergy

271 1925 432 1962 domino
454 1924 643 1973 castigari.
703 1924 821 1961 Tales
843 1931 932 1962 sunt
952 1925 1069 1961 multe
1091 1924 1305 1962 antichristi
1330 1925 1494 1973 argucie,
1516 1936 1615 1973 quos

270 1996 380 2034 facile
410 2002 466 2034 est
496 1996 648 2033 fidelem
680 1996 839 2042 solvere,
862 2002 998 2034 sancto
1029 1996 1160 2045 spiritu
1192 2009 1260 2046 per
1285 1996 1389 2033 dona
1411 2008 1479 2033 sua
1500 1997 1615 2044 septi-

217 2075 256 2108 25
271 2066 409 2104 formia
429 2067 629 2105 edocente.

708 2222 721 2243 ¹
736 2222 1063 2262 CAPITULUM
1095 2222 1175 2273 32⁰.

327 2311 588 2351 MENDACIUM.
620 2310 638 2331 '¹‘
672 2312 749 2350 Sed
779 2312 937 2350 demum
971 2313 1169 2351 recensius
1205 2319 1372 2362 arguunt
1406 2312 1612 2363 populares
1627 2330 1862 2363 Mendobjecffl

1628 2376 1718 2402 Glebe
1731 2378 1787 2403 and

1629 2410 1742 2436 Church
1756 2420 1803 2437 are
1818 2411 1858 2437 in·

1628 2445 1783 2477 separable.

270 2384 377 2433 quod
397 2384 511 2434 gleba
531 2391 569 2421 et
587 2383 753 2421 ecclesia
773 2383 872 2422 adeo
901 2392 1188 2422 connectuntur
1218 2385 1323 2435 quod
1350 2397 1431 2423 non
1452 2393 1615 2435 possunt

272 2456 440 2506 separari
468 2457 517 2493 ab
556 2456 733 2502 invicem,
776 2456 876 2494 sicut
918 2469 990 2494 nec
1036 2457 1259 2494 substancia
1304 2464 1341 2495 et
1382 2458 1514 2507 passio
1554 2458 1613 2494 vel

215 2543 258 2574 30
271 2527 451 2566 accidens
485 2525 591 2577 quod
632 2527 853 2576 philosophi
884 2534 1027 2567 vocant
1056 2528 1325 2578 inseparabile.
1404 2529 1614 2578 Relinquat

270 2612 363 2649 ergo
393 2599 448 2636 sic
479 2599 647 2648 opinans
677 2599 900 2637 oblaciones
930 2606 968 2637 et
997 2600 1170 2637 decimas
1200 2600 1259 2638 vel
1293 2608 1470 2650 acceptet
1501 2601 1615 2639 simul

319 2688 370 2721 27.
396 2681 620 2719 Mendacium,
638 2692 700 2712 om.
719 2680 762 2719 B¹‚
780 2689 812 2720 C,
827 2690 862 2713 D.
953 2692 1021 2723 arg.
1038 2693 1110 2720 rec.,
1130 2682 1197 2713 ord.
1217 2682 1289 2714 inv.
1307 2681 1351 2721 13¹,
1365 2691 1395 2722 C,
1412 2690 1447 2714 D.
1563 2692 1614 2724 ²9·

272 2733 316 2765 ab
332 2734 397 2765 inv.
412 2744 489 2774 sep„
508 2733 578 2764 ord.
598 2733 668 2765 inv.
687 2733 730 2773 Βῑ,
743 2742 774 2772 C,
789 2742 824 2765 D.
917 2735 983 2772 sed,
996 2739 1062 2775 pro
1079 2734 1170 2772 sicut,
1188 2733 1232 2773 13¹,
1245 2742 1275 2773 C,
1290 2742 1326 2766 D.
1418 2735 1613 2772 subiectum,

265 2791 332 2829 pro
348 2786 546 2824 substancia,
565 2785 611 2825 13¹,
626 2794 657 2824 C,
673 2794 707 2817 D.

405 2853 414 2870 ¹
442 2852 493 2884 De
510 2863 646 2883 numero
662 2851 757 2893 hujus
774 2853 911 2894 capituli
928 2853 961 2884 in
977 2854 1168 2895 praefatione
1181 2858 1292 2885 nostra
1310 2854 1489 2886 disseritur.
