2095 3381
250 211 273 250 8
770 217 1030 250 SPECULUM
1064 216 1295 248 ECCLESIE
1330 216 1635 250 MILITANTIS.

247 345 346 412 ζὲῑιὲιέῐ
349 343 470 405 &leotz
471 343 500 370 in
530 341 718 386 perpetua
742 334 849 385 quod
879 334 1102 373 sacerdotes
1132 340 1169 372 et
1198 333 1310 372 levite
1340 333 1541 372 habebunt
1571 334 1783 384 capitaliter
1812 335 1878 373 he-

248 413 320 446 ship-
533 407 736 445 reditatem
761 412 1005 456 perpetuam,
1031 418 1106 455 que
1135 417 1204 455 per
1231 411 1357 443 totum
1379 404 1722 443 Christianismum
1750 419 1773 444 a
1800 406 1879 444 suis
1938 421 2062 452 B.2e.

534 479 714 517 fratribus
745 485 783 516 et
812 478 983 515 dominis
1011 477 1150 515 debeat
1185 477 1357 526 ocupari.
1416 476 1534 515 Unde
1573 490 1665 515 cum
1695 478 1772 516 hoc
1801 478 1880 516 vio-

535 551 684 588 lentum
718 556 856 587 ettam
880 549 1107 595 innaturale,
1131 561 1153 585 a
1174 549 1248 586 deo
1272 548 1495 598 proibitum,
1517 549 1565 586 sit
1592 549 1881 587 abhominabile

535 623 611 661 deo
631 629 668 660 et
690 622 836 671 angelis
857 634 901 659 ac
923 621 1085 659 ecclesie
1099 620 1287 667 militanti,
1302 633 1384 658 non
1398 621 1539 658 mirum
1553 621 1585 660 si
1607 628 1882 660 conversantes
1897 638 1914 670 5

250 706 339 732 Their
352 704 489 738 tempor-al
537 707 628 733 cum
649 694 720 732 illis
741 694 788 731 de
810 694 882 730 isto
904 692 1080 730 dominio
1100 699 1181 729 tam
1202 692 1483 730 abhominabili
1503 692 1774 742 dedignantur.
1832 693 1884 730 Et

251 739 425 773 possessions
439 739 515 765 force

252 775 329 833 theng
343 780 372 800 to
386 774 489 839 beairng
537 766 626 804 ideo
660 778 743 803 non
774 765 917 802 mirum
948 764 1232 802 necessitantur
1265 764 1355 802 dicti
1388 764 1516 802 clerici
1548 777 1656 802 arma
1691 765 1884 803 crudelius

251 818 311 834 arm
330 829 335 839 ‚
350 817 437 840 usurp

250 841 512 902 {fexceoffitffrsdggthe
538 838 734 876 macabeis
756 837 921 887 arripere
943 843 981 874 et
1000 848 1188 886 pugnare.
1247 835 1297 873 Et
1328 836 1382 873 sic
1413 836 1585 875 officium
1613 837 1738 887 prime
1765 838 1885 888 partis

252 921 320 981 {123
323 919 524 980 gaggtrlegcgzudrt
538 917 576 948 et
590 909 760 948 secunde
776 909 937 947 ecclesie
953 908 1175 958 simpliciter
1191 914 1250 946 est
1264 909 1502 946 subversum.
1553 909 1649 947 Ideo
1668 910 1696 947 si
1714 909 1886 948 officium

253 988 370 1048 &Off-ed
383 987 456 1014 asin
538 982 709 1028 heretici,
746 982 784 1018 in
825 987 1016 1031 quantum
1050 980 1148 1026 talis,
1183 980 1231 1017 sit
1269 980 1365 1018 false
1400 980 1664 1030 dogmatizare
1700 982 1887 1032 scripture
1903 998 1943 1020 10

541 1067 650 1093 sacre
682 1053 885 1098 contrarie,
912 1052 1029 1089 etiam
1059 1052 1098 1088 in
1127 1064 1319 1098 sermone,
1341 1058 1446 1102 patet
1472 1065 1519 1090 ex
1550 1053 1625 1091 hoc
1647 1053 1750 1092 facto
1780 1054 1889 1104 quod

539 1128 625 1177 ipsa
646 1126 751 1164 curia
768 1125 1038 1174 dogmatizans
1059 1123 1099 1161 in
1120 1136 1237 1173 opere
1254 1130 1333 1161 tam
1354 1125 1600 1174 pertinaciter
1618 1132 1656 1163 et
1676 1126 1770 1163 false
1788 1126 1889 1164 dicte

541 1199 728 1249 scripture
759 1197 948 1235 contrarie
979 1196 1024 1234 sit
1053 1196 1244 1234 hereticus
1273 1196 1512 1244 manifestus,
1544 1204 1581 1235 et
1609 1211 1657 1236 eo
1687 1198 1890 1249 patencius

541 1283 621 1321 quo
646 1269 847 1320 pupplicat
879 1269 1021 1307 dictam
1051 1268 1217 1306 heresim
1247 1274 1327 1306 tarn
1354 1269 1557 1307 manifeste
1586 1283 1655 1320 per
1685 1270 1890 1308 ecclesiam

257 1353 516 1385 Isnotthissyna-
541 1343 784 1380 militantem.
844 1340 1058 1387 Quomodo
1088 1353 1187 1390 rogo
1218 1352 1300 1378 non
1334 1341 1659 1380 verecundaretur
1688 1342 1761 1380 hec
1792 1343 1945 1392 sina-15

256 1398 351 1422 gogue
365 1388 398 1414 of
408 1387 496 1414 Satan

257 1420 529 1483 {tshbaemggrtigtgslaim
544 1426 650 1464 goga
671 1412 832 1451 sathane
853 1412 1079 1462 pupplicare
1100 1412 1249 1462 populo
1262 1412 1369 1462 quod
1387 1413 1434 1450 sit
1447 1413 1694 1452 immediatus
1711 1421 1748 1452 et
1761 1414 1892 1464 proxi-

271 1467 288 1483 0

257 1491 335 1517 vicar
348 1490 405 1516 and
419 1495 467 1522 yet
544 1498 633 1523 mus
654 1484 818 1523 vicarius
841 1483 982 1521 Christi
1003 1490 1040 1521 et
1057 1482 1075 1503 *
1093 1496 1253 1522 suorum
1275 1485 1554 1534 apostolorum.
1622 1485 1674 1523 Et
1700 1492 1833 1524 tamen
1853 1485 1893 1523 in
1950 1491 2013 1522 99.

259 1531 284 1550 tr
305 1534 336 1550 ns
360 1533 417 1549 ress
431 1523 475 1549 his

259 1534 444 1586 coffnffassdss‘?
544 1557 619 1594 vita
639 1556 734 1607 ipsis
755 1562 836 1593 tam
857 1555 1008 1593 notorie
1030 1555 1291 1593 adversantur.
1350 1555 1476 1594 Frons
1497 1557 1657 1606 quidem
1684 1557 1894 1595 meretricis

546 1628 651 1665 facta
679 1634 736 1665 est
758 1627 808 1664 illi
830 1633 866 1664 et
888 1626 975 1665 ideo
1006 1633 1063 1664 est
1086 1627 1241 1676 signum
1262 1627 1420 1665 evidens
1441 1628 1548 1678 quod
1569 1629 1616 1666 sit
1636 1629 1817 1667 diabolus
1837 1629 1896 1666 in-

260 1708 323 1735 The
337 1708 484 1741 flagrancy
496 1706 528 1733 of
546 1700 718 1738 duratus.
788 1698 873 1736 Nec
912 1699 1012 1736 valet
1051 1699 1260 1737 excusacio
1299 1700 1512 1738 antichristi
1543 1701 1650 1750 quod
1688 1713 1770 1739 non
1805 1707 1895 1739 sunt
1911 1711 1951 1733 20

260 1743 520 1814 ξιξὲῑιῖεὲἵῖῗιῖἰίοἰᾷὶ
545 1771 702 1809 heretici
732 1771 805 1809 nisi
836 1771 1045 1821 probatum
1074 1771 1187 1809 fuerit
1212 1771 1443 1822 judicialiter
1472 1772 1579 1821 quod
1609 1779 1698 1810 sunt
1728 1773 1833 1820 tales,
1858 1779 1896 1810 et

261 1811 437 1871 ᾒὲἓὶῧὲἶὲοῃ
451 1810 514 1836 om
546 1857 628 1882 non
642 1849 816 1893 superest
835 1843 958 1881 homo
980 1855 1096 1893 super
1111 1850 1251 1881 terram
1269 1843 1335 1893 qui
1356 1843 1403 1882 de
1424 1844 1516 1894 ipsis
1539 1845 1701 1882 summis
1721 1845 1896 1895 partibus

547 1916 711 1954 ecclesie
734 1915 872 1965 poterit
893 1915 967 1952 hoc
990 1916 1156 1965 probare
1173 1928 1183 1963 ;
1215 1928 1308 1953 nam
1329 1915 1431 1953 facta
1453 1928 1589 1954 eorum
1612 1928 1702 1954 cum
1722 1917 1800 1954 vita
1819 1916 1895 1954 hoc

550 1988 641 2026 satis
655 1988 825 2024 innuunt
839 1999 923 2025 esse
938 2000 1082 2024 verum.
1142 1987 1193 2024 Et
1213 2000 1282 2038 per
1303 2000 1551 2037 consequens
1573 1988 1678 2038 apud
1696 1988 1896 2026 Christum

550 2072 749 2097 summum
767 2059 941 2109 judicem
965 2059 1083 2097 deum
1104 2065 1292 2105 nostrum,
1318 2060 1384 2110 qui
1414 2060 1582 2097 intuetur
1603 2060 1755 2109 singula
1778 2073 1898 2110 opera
1914 2075 1952 2107 25

547 2131 721 2170 humana
746 2138 957 2181 antequam
984 2132 1079 2169 fiant
1108 2138 1165 2169 est
1192 2131 1279 2169 luce
1309 2132 1449 2169 clarius
1474 2132 1548 2170 hoc
1572 2132 1791 2182 probatum.
1849 2132 1900 2169 Et

601 2345 628 2367 2.
646 2340 732 2377 post,
765 2339 974 2377 perpetuum,
1001 2345 1077 2367 cum
1110 2334 1238 2376 reliquo
1262 2333 1398 2376 populo,
1425 2334 1499 2366 add.
1526 2342 1556 2372 B,
1583 2333 1627 2374 13¹,
1653 2342 1685 2374 C,
1709 2334 1768 2366 sed
1796 2341 1828 2366 B.
1853 2333 1897 2365 al.

555 2399 645 2419 man.
664 2389 702 2419 2'72
720 2399 826 2429 marg.
973 2395 1000 2427 5.
1027 2392 1191 2428 cum,j›r0
1209 2386 1245 2424 si,
1266 2386 1310 2426 13¹,
1330 2395 1362 2418 Β.
1509 2386 1539 2418 6.
1566 2387 1604 2418 in
1623 2396 1729 2428 marg.
1746 2387 1789 2418 al.
1809 2396 1900 2417 man.

551 2441 678 2472 scilieet
696 2441 750 2481 qui
768 2440 945 2481 aufugiunt
962 2440 1230 2471 dominacionem
1247 2439 1438 2477 secularem,
1458 2447 1489 2471 B.
1633 2445 1664 2480 7.
1680 2443 1757 2480 post
1771 2439 1901 2473 mirum,

555 2493 655 2534 quod,
673 2494 717 2525 al.
736 2503 826 2524 man.
844 2493 918 2523 add.
937 2500 969 2525 B.
1044 2492 1145 2533 quod,
1162 2491 1236 2522 add.
1254 2499 1284 2524 C.
1474 2493 1503 2523 8.
1529 2491 1684 2533 sequitur
1700 2491 1795 2523 rubr.
1814 2491 1902 2522 Eece

553 2549 678 2586 quanta
695 2545 785 2576 mala
801 2545 961 2576 inducunt
978 2545 1098 2576 divicie
1114 2547 1196 2585 aput
1213 2543 1349 2584 clerum,
1368 2552 1398 2576 C.
1570 2554 1600 2585 9.
1626 2543 1772 2579 ecclesie,
1789 2554 1851 2574 om.
1871 2550 1901 2574 Β.

554 2598 747 2628 subversum
765 2608 849 2629 corr.
868 2608 908 2628 ex
924 2597 1142 2633 submersum,
1157 2606 1187 2630 B.
1293 2606 1344 2629 10.
1371 2596 1447 2628 talis
1464 2600 1524 2636 est,
1543 2604 1573 2627 Β.
1627 2596 1664 2626 z'n
1683 2606 1789 2636 772arg.
1807 2595 1902 2627 rubr.

555 2650 658 2681 Curia
674 2650 840 2689 Romana,
858 2658 889 2681 Β.
947 2660 1012 2682 sac.
1031 2650 1137 2691 scrip,
1156 2650 1225 2682 ord.
1245 2650 1314 2681 inv.
1334 2657 1366 2688 B,
1379 2658 1410 2681 C.
1505 2658 1555 2680 12.
1574 2648 1676 2680 Curia
1693 2648 1855 2686 Romana,
1871 2655 1902 2679 Β.

554 2702 665 2741 dietis,
684 2710 716 2741 B,
729 2702 772 2738 13¹,
785 2711 816 2734 C.
955 2701 1005 2734 16.
1025 2713 1103 2743 pop.
1121 2703 1213 2744 pub.,
1230 2702 1299 2734 ord.
1318 2702 1387 2732 inv.
1406 2710 1437 2732 C.
1562 2707 1612 2740 17.
1636 2700 1792 2742 sequitur
1806 2700 1902 2731 rubr.

557 2759 593 2794 30
611 2755 781 2793 articulus,
800 2763 831 2785 C.
926 2756 973 2786 18.
1001 2755 1201 2792 adversatur,
1222 2763 1253 2793 B,
1271 2754 1314 2793 13¹,
1334 2762 1365 2786 C.
1461 2763 1512 2785 20.
1538 2754 1612 2786 sint.
1624 2758 1689 2794 pro
1706 2756 1789 2790 sunt,
1811 2752 1854 2787 13¹,
1872 2760 1902 2783 C.

559 2817 609 2846 23.
634 2807 707 2844 hoe,
722 2818 807 2838 corr.
821 2818 861 2838 ex
877 2807 948 2843 hec,
965 2815 993 2838 B.
1042 2807 1122 2838 satis
1138 2807 1212 2845 hoc,
1227 2807 1295 2838 ord.
1312 2807 1381 2837 inv.
1394 2815 1424 2838 C.
1532 2814 1583 2846 25.
1610 2815 1798 2846 supremum
1815 2814 1899 2835 corr.

556 2860 600 2890 al.
619 2870 708 2891 man.
725 2870 765 2890 ex
781 2870 958 2898 summum,
978 2867 1008 2890 Β.
1101 2860 1150 2891 26.
1177 2860 1297 2890 clarius
1316 2859 1390 2898 hoc,
1410 2859 1447 2889 2'12
1464 2868 1570 2899 marg.
1589 2858 1632 2889 al.
1651 2867 1740 2888 man.
1759 2856 1802 2889 Ε’-
