2095 3381
230 212 286 255 54

229 342 259 363 to
273 335 457 369 seis-seeking

229 371 286 397 and
300 370 470 403 bickerings.

230 843 274 869 An
289 843 445 869 unlearned

230 887 295 903 man
310 878 379 903 with
394 877 482 903 God's

229 921 315 944 grace
329 913 396 937 does
411 920 487 937 more

229 946 273 972 for
286 946 334 971 the
348 945 463 972 Church

230 980 299 1005 than
314 989 400 1012 many

230 1014 396 1046 graduates.

233 1341 392 1368 Scholastic

230 1376 346 1402 studies.
360 1377 398 1408 by
409 1375 497 1402 God’s

231 1419 325 1443 grace,
342 1410 414 1436 have
428 1419 485 1436 cer-

231 1444 323 1476 tainly
332 1444 405 1469 done
414 1444 500 1476 good,

231 1478 283 1503 but
296 1478 391 1504 would
405 1478 478 1503 have

231 1512 306 1537 done
320 1521 395 1537 more
410 1512 467 1537 had

232 1544 288 1571 His
302 1546 468 1571 commands

232 1578 303 1605 been
319 1580 438 1611 obeyed.

231 1614 314 1645 They
328 1614 424 1639 rather

230 1646 317 1674 breed
331 1647 399 1673 than

231 1682 347 1713 destroy
361 1680 494 1707 heresies.

233 1715 359 1740 Benefits
373 1717 443 1741 {rom

231 1749 310 1775 them
323 1758 371 1774 are
384 1749 456 1775 acci-

232 1783 338 1813 dental‚
354 1784 410 1808 and
424 1792 472 1809 are

232 1817 415 1849 outweighed
431 1817 469 1850 by

232 1850 305 1876 their
318 1851 398 1877 evils.

232 1985 359 2012 witness
373 1986 420 2012 the

232 2020 334 2053 heresy
347 2030 378 2046 as
392 2027 421 2046 to
434 2020 482 2046 the

234 2061 333 2080 nature
348 2055 379 2081 of
390 2055 438 2080 the

234 2087 320 2114 Host.

236 2343 292 2370 Sim
316 2344 341 2369 le
356 2343 457 2377 priests

233 2387 280 2404 are
304 2385 386 2404 ³etter

235 2413 363 2438 teachers
378 2413 446 2438 than

234 2455 291 2479 any
306 2446 482 2480 University.

752 209 1011 242 SPECULUM
1044 208 1273 241 ECCLESIE
1308 208 1615 241 MILITANTIS.

512 327 550 364 in
589 327 900 365 universitatibus
935 332 1101 376 querunt
1136 338 1210 376 que
1247 339 1316 364 sua
1352 334 1452 373 sunt,
1493 326 1663 364 caritatis
1702 324 1858 374 regulas

512 399 754 446 deserentes,
783 411 830 436 ex
853 411 930 448 quo
952 397 1142 448 pullulant
1162 398 1312 445 invidie,
1328 398 1651 447 comparaciones
1671 409 1858 446 persona-

511 483 598 508 rum
623 478 659 508 et
683 471 819 520 patrie,
840 477 877 508 et
903 470 1025 507 multa
1053 469 1126 507 alia
1156 470 1361 507 seminaria
1386 469 1505 519 patris
1532 469 1737 515 mendacii,
1760 468 1858 505 sicut

512 549 703 581 noverunt
732 543 798 592 qui
828 542 1104 592 particulariter
1134 541 1383 579 considerant
1411 541 1524 578 istam
1545 540 1703 579 scolam.
1762 539 1858 576 Ideo

512 616 690 666 objectus
711 622 847 653 contra
868 614 1054 652 secularia
1075 613 1247 651 dominia
1268 613 1498 651 clericorum
1518 619 1555 650 et
1571 611 1857 662 appropriacio-
1872 620 1890 652 5

513 699 583 725 nes
610 687 860 725 ecclesiarum
888 693 991 723 stant
1011 686 1188 723 vivaciter
1209 691 1345 723 contra
1366 685 1470 723 istos.
1529 683 1579 721 Et
1599 690 1788 733 quantum
1811 682 1860 719 ad

514 759 682 797 fructum
721 765 871 796 certum
910 757 1058 795 videtur
1096 757 1201 806 quod
1239 769 1340 794 unus
1378 756 1512 801 idiota,
1557 755 1751 793 mediante
1800 754 1861 791 dei

514 832 657 881 gracia,
679 830 765 880 plus
786 830 937 880 proficit
965 829 1014 866 ad
1041 828 1303 866 edificandum
1333 828 1476 866 Christi
1506 827 1712 865 ecclesiam
1742 838 1862 876 quam

514 903 623 940 multi
649 902 826 952 graduati
850 902 888 938 in
918 901 1033 939 scolis
1065 901 1142 938 sive
1171 900 1353 949 collegiis,
1379 900 1469 949 quia
1490 900 1655 937 seminat
1679 898 1861 936 humilius

514 982 551 1013 et
582 975 776 1024 copiosius
807 974 933 1023 legem
965 972 1105 1011 Christi
1134 980 1213 1010 tam
1234 985 1351 1021 opere
1373 984 1493 1021 quam
1515 983 1707 1009 sermone.
1765 970 1861 1009 Ideo
1878 984 1918 1005 10

515 1047 545 1084 si
573 1059 711 1085 omnes
743 1045 1008 1084 solicitudines
1039 1044 1231 1094 superflue
1262 1051 1455 1092 quantum
1486 1043 1536 1081 ad
1565 1042 1863 1080 edificacionem

514 1119 676 1156 ecclesie
722 1117 850 1155 forent
884 1117 1035 1154 abscise
1076 1117 1125 1153 ab
1165 1116 1245 1153 istis
1287 1116 1510 1162 scolasticis,
1546 1115 1605 1152 vel
1644 1122 1769 1153 totum
1803 1113 1863 1151 vel

515 1191 642 1240 major
671 1201 760 1239 pars
791 1189 1043 1238 ocupacionis
1073 1188 1186 1238 hujus
1217 1189 1266 1225 ab
1296 1188 1460 1225 ecclesia
1489 1187 1697 1225 raderetur.
1757 1186 1863 1224 Con-

517 1262 665 1299 ceditur
699 1268 831 1298 tamen
862 1260 969 1310 quod
1007 1260 1141 1297 omnia
1172 1260 1244 1296 ista
1274 1266 1354 1297 tarn
1386 1259 1510 1297 studia
1541 1271 1659 1309 quam
1689 1258 1862 1307 collegia,

517 1334 615 1371 sicut
646 1333 787 1371 diaboli
817 1332 1028 1382 proposita,
1059 1331 1297 1381 profuerunt,
1330 1330 1399 1369 sed
1429 1343 1512 1368 non
1546 1331 1701 1376 directe,
1727 1341 1862 1379 ymmo
1879 1339 1917 1372 15

516 1405 710 1442 mediante
727 1405 788 1441 dei
801 1405 934 1453 gracia
949 1418 958 1451 3
980 1411 1017 1441 et
1032 1416 1127 1453 pure
1143 1403 1360 1440 secundum
1373 1403 1500 1452 legem
1516 1409 1552 1440 et
1569 1402 1864 1441 ordinacionem

516 1489 629 1515 suam
649 1477 736 1526 plus
757 1476 918 1514 ecclesie
939 1475 1183 1525 profuissent.
1225 1475 1276 1512 Et
1296 1482 1484 1524 quantum
1505 1475 1555 1512 ad
1575 1475 1864 1512 destrucciones

516 1549 708 1595 heresum,
730 1548 878 1586 videtur
899 1548 1027 1585 multis
1053 1547 1160 1596 quod
1188 1547 1276 1584 talia
1307 1546 1430 1584 studia
1460 1554 1548 1584 sunt
1578 1546 1690 1584 nidus
1720 1545 1864 1584 heresis

516 1626 554 1658 et
592 1620 821 1666 fomentum,
864 1620 923 1657 vel
960 1619 990 1657 si
1028 1618 1046 1638 '⁴‘
1081 1619 1316 1668 quandoque
1356 1625 1520 1668 prosunt
1559 1631 1628 1668 per
1667 1618 1862 1664 accidens,
1878 1622 1920 1651 B.
1936 1621 1981 1651 14
1994 1621 2029 1650 d.

517 1693 616 1730 sicut
639 1692 805 1729 sciencie
833 1704 907 1741 que
936 1691 1082 1729 domini
1113 1691 1305 1741 theologie
1335 1691 1643 1740 graduacionem
1665 1697 1702 1728 et
1723 1690 1864 1728 confir·
1880 1702 1920 1724 20

516 1764 739 1801 macionem
761 1776 873 1801 suam
900 1763 1139 1812 aliquociens
1161 1764 1410 1809 obsecuntur,
1434 1762 1509 1800 hoc
1531 1769 1703 1800 rarenter
1727 1762 1864 1808 evenit,

515 1843 553 1873 et
582 1842 746 1885 peccata
777 1848 845 1873 sua
866 1835 925 1873 vel
947 1835 1170 1873 omissionis
1197 1835 1256 1872 vel
1278 1835 1567 1873 commissionis
1589 1835 1717 1884 sepius
1738 1834 1865 1872 eveni-

516 1914 585 1945 unt
606 1908 646 1944 in
666 1907 739 1944 hiis
760 1907 869 1945 locis.
912 1906 967 1944 Ut
983 1919 1059 1956 que
1076 1907 1258 1945 securitas
1274 1914 1331 1944 est
1344 1907 1382 1943 in
1396 1906 1477 1944 istis
1494 1906 1741 1944 defendendo
1758 1905 1865 1956 quod

516 1979 642 2017 hostia
673 1986 903 2017 consecrata
933 1992 1013 2017 non
1035 1979 1081 2017 sit
1103 1991 1244 2029 corpus
1265 1979 1411 2017 domini
1434 1978 1501 2016 sed
1522 1978 1705 2016 accidens
1726 1978 1865 2028 incog-

516 2051 639 2088 nitum
662 2051 742 2088 sine
765 2052 953 2101 subjecto,
978 2058 1019 2089 ut
1046 2058 1220 2089 reserant
1247 2063 1346 2089 nove
1378 2051 1508 2089 secte?
1567 2051 1619 2088 Et
1650 2051 1703 2088 sic
1730 2057 1788 2088 est
1817 2050 1864 2087 de
1882 2062 1920 2093 25

515 2123 598 2160 aliis
623 2123 824 2161 heresibus
849 2124 996 2161 noviter
1024 2123 1298 2173 pullulantibus
1330 2130 1466 2162 contra
1497 2123 1624 2170 fidem,
1648 2136 1740 2160 nam
1763 2123 1784 2146 ²¹<
1807 2125 1864 2159 in·
1880 2125 1936 2157 13¹.
1953 2128 2020 2160 157
2033 2128 2068 2157 b.

516 2195 683 2244 spiracio
700 2195 947 2233 sacerdotum
966 2195 1211 2245 simplicium,
1229 2203 1308 2233 tarn
1325 2196 1364 2232 in
1381 2196 1525 2234 noticia
1538 2208 1656 2245 quam
1672 2195 1711 2232 in
1728 2207 1866 2245 opera-

516 2266 629 2303 cione
650 2266 877 2312 voluntaria,
900 2267 985 2317 plus
1008 2266 1025 2286 *
1046 2267 1217 2316 proderit
1243 2267 1446 2316 capacitati
1477 2267 1647 2304 fidelium
1677 2266 1865 2304 laicorum
1879 2270 1954 2299 113.

517 2349 636 2387 quam
657 2350 796 2376 omnes
819 2338 919 2376 dicte
936 2339 1205 2376 universitates
1219 2351 1309 2376 cum
1331 2338 1463 2376 studiis
1485 2339 1562 2376 suis
1583 2338 1863 2388 adjacentibus,

518 2409 575 2446 vel
611 2410 817 2459 privilegiis
850 2410 982 2460 laycos
1012 2410 1314 2460 deprimentibus
1344 2411 1364 2433 ²¹<
1397 2410 1596 2460 ipocritice
1625 2409 1864 2448 introductis.
1880 2415 1916 2446 G.
1934 2415 1975 2447 17
1990 2422 2020 2443 a.

519 2481 604 2519 Nec
639 2482 710 2519 ista
745 2482 950 2520 asserimus
985 2489 1141 2532 propter
1175 2482 1359 2520 invidiam
1395 2482 1462 2519 sed
1498 2489 1656 2532 propter
1690 2494 1865 2520 amorem

563 2638 593 2669 6.
618 2637 701 2674 illos,
712 2643 777 2679 pro
794 2638 885 2675 istos,
903 2647 935 2678 Β,
954 2639 998 2677 B¹‚
1018 2639 1110 2675 tales,
1129 2648 1161 2671 C.
1293 2647 1345 2672 12.
1369 2643 1450 2676 tota,
1468 2647 1500 2677 Β,
1518 2647 1549 2671 C.
1678 2648 1728 2679 13.
1753 2638 1865 2679 hujus-

519 2690 622 2729 modi,
641 2698 672 2729 B,
691 2699 722 2721 C.
817 2700 864 2730 15.
889 2696 1026 2732 peccata
1044 2702 1101 2733 per
1119 2691 1280 2730 accidens,
1293 2696 1358 2733 pro
1375 2692 1557 2733 proposita,
1573 2699 1605 2730 Β,
1624 2690 1667 2729 13¹,
1687 2700 1718 2723 C.
1813 2700 1864 2723 20.

518 2742 656 2774 ecclesie
680 2743 960 2783 quemadmodum
979 2744 1149 2785 theologie
1173 2745 1214 2775 ad
1239 2744 1403 2780 decorem,
1419 2749 1483 2785 pro
1508 2754 1552 2775 sc.
1573 2754 1636 2785 que
1653 2744 1742 2776 dom.
1762 2744 1866 2775 theol.

518 2794 624 2835 grad.⁷
644 2802 675 2833 Β,
691 2794 734 2833 13¹,
750 2803 781 2826 C.
902 2806 952 2827 22.
976 2796 1027 2827 vel
1045 2797 1222 2828 obmissius
1240 2796 1290 2828 vel
1312 2796 1534 2836 commissius,
1554 2804 1583 2832 Β,
1603 2796 1645 2833 B¹‚
1660 2805 1691 2828 C.
1814 2806 1864 2836 23.

520 2846 643 2885 multis,
656 2852 720 2888 pro
738 2847 822 2886 istis,
842 2855 873 2886 B,
890 2848 933 2888 13¹,
949 2857 980 2880 C.
